Date,Year,Month,Product,Region,Customer,Units,Price,Discount,Revenue,Cost,GrossMargin,Profit
2023-10-31,2023,10,Product A,North,Customer 01,22,120,0.0,2640.0,1452.97,0.44963257575757576,1187.03
2023-10-31,2023,10,Product A,North,Customer 18,19,120,0.1,2052.0,1114.12,0.457056530214425,937.8800000000001
2023-10-31,2023,10,Product A,North,Customer 16,16,120,0.0,1920.0,1060.51,0.4476510416666667,859.49
2023-10-31,2023,10,Product A,North,Customer 02,19,120,0.0,2280.0,1252.7,0.45057017543859645,1027.3
2023-10-31,2023,10,Product A,North,Customer 09,19,120,0.1,2052.0,1059.98,0.48344054580896684,992.02
2023-10-31,2023,10,Product A,South,Customer 14,21,120,0.0,2520.0,1432.55,0.4315277777777778,1087.45
2023-10-31,2023,10,Product A,South,Customer 16,15,120,0.0,1800.0,946.09,0.47439444444444445,853.91
2023-10-31,2023,10,Product A,South,Customer 05,25,120,0.0,3000.0,1614.37,0.4618766666666667,1385.63
2023-10-31,2023,10,Product A,South,Customer 09,20,120,0.05,2280.0,1228.53,0.461171052631579,1051.47
2023-10-31,2023,10,Product A,West,Customer 15,18,120,0.0,2160.0,1209.8,0.4399074074074074,950.2
2023-10-31,2023,10,Product A,West,Customer 12,21,120,0.0,2520.0,1399.59,0.44460714285714287,1120.41
2023-10-31,2023,10,Product A,West,Customer 06,25,120,0.0,3000.0,1645.98,0.45134,1354.02
2023-10-31,2023,10,Product A,West,Customer 02,16,120,0.05,1824.0,998.67,0.45248355263157897,825.33
2023-10-31,2023,10,Product A,West,Customer 18,16,120,0.0,1920.0,1025.41,0.4659322916666666,894.5899999999999
2023-10-31,2023,10,Product A,West,Customer 14,21,120,0.0,2520.0,1422.29,0.43559920634920635,1097.71
2023-10-31,2023,10,Product B,North,Customer 17,19,85,0.05,1534.25,983.72,0.35882678833306175,550.53
2023-10-31,2023,10,Product B,North,Customer 03,19,85,0.0,1615.0,982.17,0.3918452012383901,632.83
2023-10-31,2023,10,Product B,North,Customer 08,17,85,0.05,1372.75,819.55,0.4029867055181206,553.2
2023-10-31,2023,10,Product B,South,Customer 19,16,85,0.0,1360.0,843.98,0.37942647058823525,516.02
2023-10-31,2023,10,Product B,South,Customer 16,16,85,0.0,1360.0,834.41,0.3864632352941177,525.59
2023-10-31,2023,10,Product B,South,Customer 10,22,85,0.0,1870.0,1088.66,0.41782887700534754,781.3399999999999
2023-10-31,2023,10,Product B,West,Customer 12,26,85,0.0,2210.0,1303.47,0.4101945701357466,906.53
2023-10-31,2023,10,Product B,West,Customer 05,25,85,0.0,2125.0,1262.59,0.40584000000000003,862.4100000000001
2023-10-31,2023,10,Product B,West,Customer 10,22,85,0.0,1870.0,1115.07,0.4037058823529412,754.9300000000001
2023-10-31,2023,10,Product C,North,Customer 07,20,45,0.1,810.0,505.49,0.37593827160493826,304.51
2023-10-31,2023,10,Product C,North,Customer 12,18,45,0.05,769.5,499.8,0.35048732943469785,269.7
2023-10-31,2023,10,Product C,North,Customer 13,17,45,0.0,765.0,477.58,0.3757124183006536,287.42
2023-10-31,2023,10,Product C,North,Customer 17,20,45,0.0,900.0,597.64,0.33595555555555556,302.36
2023-10-31,2023,10,Product C,North,Customer 02,18,45,0.0,810.0,520.61,0.3572716049382716,289.39
2023-10-31,2023,10,Product C,North,Customer 05,20,45,0.05,855.0,564.15,0.34017543859649124,290.85
2023-10-31,2023,10,Product C,South,Customer 02,17,45,0.0,765.0,499.83,0.34662745098039216,265.17
2023-10-31,2023,10,Product C,South,Customer 20,21,45,0.0,945.0,621.35,0.34248677248677245,323.65
2023-10-31,2023,10,Product C,South,Customer 18,20,45,0.05,855.0,573.81,0.3288771929824562,281.19000000000005
2023-10-31,2023,10,Product C,South,Customer 07,18,45,0.05,769.5,515.99,0.3294476933073424,253.51
2023-10-31,2023,10,Product C,South,Customer 10,27,45,0.0,1215.0,803.28,0.3388641975308642,411.72
2023-10-31,2023,10,Product C,South,Customer 15,23,45,0.05,983.25,660.89,0.3278515128400712,322.36
2023-10-31,2023,10,Product C,West,Customer 09,25,45,0.0,1125.0,714.46,0.3649244444444444,410.53999999999996
2023-10-31,2023,10,Product C,West,Customer 18,23,45,0.0,1035.0,681.27,0.341768115942029,353.73
2023-10-31,2023,10,Product C,West,Customer 03,19,45,0.0,855.0,585.45,0.3152631578947368,269.54999999999995
2023-10-31,2023,10,Product C,West,Customer 20,19,45,0.0,855.0,544.46,0.36320467836257303,310.53999999999996
2023-10-31,2023,10,Product C,West,Customer 13,22,45,0.0,990.0,675.46,0.3177171717171717,314.53999999999996
2023-11-30,2023,11,Product A,North,Customer 06,17,120,0.1,1836.0,995.78,0.45763616557734205,840.22
2023-11-30,2023,11,Product A,North,Customer 08,20,120,0.0,2400.0,1342.48,0.4406333333333333,1057.52
2023-11-30,2023,11,Product A,North,Customer 02,29,120,0.0,3480.0,1922.51,0.4475545977011494,1557.49
2023-11-30,2023,11,Product A,North,Customer 03,24,120,0.0,2880.0,1594.79,0.4462534722222222,1285.21
2023-11-30,2023,11,Product A,North,Customer 09,25,120,0.05,2850.0,1554.76,0.45447017543859647,1295.24
2023-11-30,2023,11,Product A,South,Customer 08,25,120,0.0,3000.0,1697.12,0.43429333333333336,1302.88
2023-11-30,2023,11,Product A,South,Customer 20,26,120,0.05,2964.0,1701.24,0.4260323886639676,1262.76
2023-11-30,2023,11,Product A,South,Customer 04,17,120,0.05,1938.0,1008.74,0.47949432404540765,929.26
2023-11-30,2023,11,Product A,South,Customer 06,24,120,0.1,2592.0,1373.4,0.47013888888888883,1218.6
2023-11-30,2023,11,Product A,South,Customer 09,26,120,0.05,2964.0,1610.25,0.4567307692307692,1353.75
2023-11-30,2023,11,Product A,South,Customer 05,27,120,0.05,3078.0,1706.19,0.44568226120857696,1371.81
2023-11-30,2023,11,Product A,West,Customer 11,22,120,0.05,2508.0,1350.47,0.46153508771929824,1157.53
2023-11-30,2023,11,Product A,West,Customer 10,21,120,0.05,2394.0,1316.35,0.4501461988304094,1077.65
2023-11-30,2023,11,Product A,West,Customer 01,18,120,0.0,2160.0,1209.88,0.4398703703703703,950.1199999999999
2023-11-30,2023,11,Product A,West,Customer 08,13,120,0.05,1482.0,848.3,0.42759784075573554,633.7
2023-11-30,2023,11,Product B,North,Customer 10,21,85,0.1,1606.5,963.35,0.40034235916588856,643.15
2023-11-30,2023,11,Product B,North,Customer 16,11,85,0.0,935.0,544.13,0.41804278074866313,390.87
2023-11-30,2023,11,Product B,North,Customer 19,22,85,0.0,1870.0,1118.34,0.40195721925133693,751.6600000000001
2023-11-30,2023,11,Product B,North,Customer 20,17,85,0.0,1445.0,877.45,0.39276816608996534,567.55
2023-11-30,2023,11,Product B,South,Customer 18,23,85,0.0,1955.0,1203.7,0.3842966751918158,751.3
2023-11-30,2023,11,Product B,South,Customer 07,9,85,0.1,688.5,415.37,0.3967029774872912,273.13
2023-11-30,2023,11,Product B,South,Customer 17,26,85,0.0,2210.0,1292.6,0.41511312217194574,917.4000000000001
2023-11-30,2023,11,Product B,South,Customer 08,19,85,0.0,1615.0,951.58,0.4107863777089783,663.42
2023-11-30,2023,11,Product B,West,Customer 10,21,85,0.0,1785.0,1067.53,0.40194397759103645,717.47
2023-11-30,2023,11,Product B,West,Customer 08,23,85,0.05,1857.25,1165.4,0.3725131242428321,691.8499999999999
2023-11-30,2023,11,Product B,West,Customer 13,21,85,0.0,1785.0,1078.03,0.39606162464985994,706.97
2023-11-30,2023,11,Product B,West,Customer 07,20,85,0.1,1530.0,904.66,0.408718954248366,625.34
2023-11-30,2023,11,Product B,West,Customer 16,21,85,0.05,1695.75,976.22,0.4243137254901961,719.53
2023-11-30,2023,11,Product B,West,Customer 15,16,85,0.0,1360.0,800.4,0.41147058823529414,559.6
2023-11-30,2023,11,Product C,North,Customer 14,33,45,0.05,1410.75,901.49,0.3609852915116073,509.26
2023-11-30,2023,11,Product C,North,Customer 05,19,45,0.0,855.0,598.09,0.3004795321637427,256.90999999999997
2023-11-30,2023,11,Product C,North,Customer 20,21,45,0.0,945.0,618.88,0.34510052910052913,326.12
2023-11-30,2023,11,Product C,North,Customer 04,21,45,0.1,850.5,545.3,0.35884773662551445,305.20000000000005
2023-11-30,2023,11,Product C,North,Customer 11,17,45,0.0,765.0,494.35,0.35379084967320257,270.65
2023-11-30,2023,11,Product C,North,Customer 13,25,45,0.0,1125.0,762.39,0.32232,362.61
2023-11-30,2023,11,Product C,South,Customer 18,26,45,0.1,1053.0,656.41,0.3766286799620133,396.59000000000003
2023-11-30,2023,11,Product C,South,Customer 19,25,45,0.0,1125.0,742.31,0.34016888888888897,382.69000000000005
2023-11-30,2023,11,Product C,South,Customer 01,20,45,0.05,855.0,549.5,0.35730994152046786,305.5
2023-11-30,2023,11,Product C,West,Customer 20,19,45,0.0,855.0,542.1,0.3659649122807017,312.9
2023-11-30,2023,11,Product C,West,Customer 07,16,45,0.05,684.0,485.67,0.2899561403508772,198.32999999999998
2023-11-30,2023,11,Product C,West,Customer 16,13,45,0.0,585.0,393.02,0.32817094017094023,191.98000000000002
2023-11-30,2023,11,Product C,West,Customer 06,16,45,0.0,720.0,458.92,0.3626111111111111,261.08
2023-11-30,2023,11,Product C,West,Customer 02,14,45,0.0,630.0,396.21,0.37109523809523814,233.79000000000002
2023-12-31,2023,12,Product A,North,Customer 20,22,120,0.0,2640.0,1453.21,0.4495416666666667,1186.79
2023-12-31,2023,12,Product A,North,Customer 07,16,120,0.0,1920.0,1060.03,0.44790104166666667,859.97
2023-12-31,2023,12,Product A,North,Customer 17,16,120,0.0,1920.0,1029.75,0.463671875,890.25
2023-12-31,2023,12,Product A,North,Customer 05,27,120,0.0,3240.0,1752.86,0.45899382716049386,1487.14
2023-12-31,2023,12,Product A,North,Customer 18,13,120,0.1,1404.0,777.7,0.44608262108262103,626.3
2023-12-31,2023,12,Product A,North,Customer 12,17,120,0.0,2040.0,1131.21,0.44548529411764703,908.79
2023-12-31,2023,12,Product A,South,Customer 07,14,120,0.0,1680.0,892.42,0.4687976190476191,787.58
2023-12-31,2023,12,Product A,South,Customer 20,20,120,0.0,2400.0,1330.6,0.4455833333333334,1069.4
2023-12-31,2023,12,Product A,South,Customer 14,18,120,0.0,2160.0,1166.55,0.45993055555555556,993.45
2023-12-31,2023,12,Product A,West,Customer 04,28,120,0.0,3360.0,1890.15,0.4374553571428571,1469.85
2023-12-31,2023,12,Product A,West,Customer 13,23,120,0.05,2622.0,1417.28,0.4594660564454615,1204.72
2023-12-31,2023,12,Product A,West,Customer 16,17,120,0.0,2040.0,1099.09,0.4612303921568628,940.9100000000001
2023-12-31,2023,12,Product B,North,Customer 10,22,85,0.0,1870.0,1139.15,0.3908288770053475,730.8499999999999
2023-12-31,2023,12,Product B,North,Customer 11,20,85,0.05,1615.0,1005.26,0.3775479876160991,609.74
2023-12-31,2023,12,Product B,North,Customer 04,15,85,0.0,1275.0,799.65,0.3728235294117647,475.35
2023-12-31,2023,12,Product B,North,Customer 13,26,85,0.05,2099.5,1274.89,0.39276494403429385,824.6099999999999
2023-12-31,2023,12,Product B,North,Customer 19,14,85,0.05,1130.5,669.6,0.4076957098628925,460.9
2023-12-31,2023,12,Product B,North,Customer 03,23,85,0.0,1955.0,1153.55,0.40994884910485935,801.45
2023-12-31,2023,12,Product B,South,Customer 17,14,85,0.0,1190.0,727.78,0.3884201680672269,462.22
2023-12-31,2023,12,Product B,South,Customer 01,24,85,0.0,2040.0,1281.46,0.3718333333333333,758.54
2023-12-31,2023,12,Product B,South,Customer 13,24,85,0.0,2040.0,1211.91,0.4059264705882353,828.0899999999999
2023-12-31,2023,12,Product B,South,Customer 16,15,85,0.05,1211.25,716.5,0.4084623323013416,494.75
2023-12-31,2023,12,Product B,South,Customer 03,18,85,0.0,1530.0,874.39,0.42850326797385624,655.61
2023-12-31,2023,12,Product B,West,Customer 12,19,85,0.0,1615.0,1010.15,0.3745201238390093,604.85
2023-12-31,2023,12,Product B,West,Customer 16,20,85,0.1,1530.0,947.76,0.38054901960784315,582.24
2023-12-31,2023,12,Product B,West,Customer 05,22,85,0.0,1870.0,1059.9,0.4332085561497326,810.0999999999999
2023-12-31,2023,12,Product C,North,Customer 19,25,45,0.0,1125.0,736.4,0.34542222222222224,388.6
2023-12-31,2023,12,Product C,North,Customer 02,20,45,0.0,900.0,616.91,0.31454444444444446,283.09000000000003
2023-12-31,2023,12,Product C,North,Customer 04,24,45,0.0,1080.0,704.31,0.3478611111111112,375.69000000000005
2023-12-31,2023,12,Product C,North,Customer 12,17,45,0.0,765.0,494.51,0.35358169934640526,270.49
2023-12-31,2023,12,Product C,North,Customer 14,19,45,0.0,855.0,556.18,0.34949707602339186,298.82000000000005
2023-12-31,2023,12,Product C,South,Customer 10,27,45,0.0,1215.0,756.32,0.37751440329218106,458.67999999999995
2023-12-31,2023,12,Product C,South,Customer 17,16,45,0.0,720.0,444.56,0.38255555555555554,275.44
2023-12-31,2023,12,Product C,South,Customer 16,18,45,0.0,810.0,554.37,0.3155925925925926,255.63
2023-12-31,2023,12,Product C,South,Customer 13,21,45,0.0,945.0,637.22,0.32569312169312165,307.78
2023-12-31,2023,12,Product C,South,Customer 07,19,45,0.1,769.5,467.62,0.39230669265756984,301.88
2023-12-31,2023,12,Product C,South,Customer 06,24,45,0.05,1026.0,686.34,0.3310526315789473,339.65999999999997
2023-12-31,2023,12,Product C,West,Customer 11,15,45,0.0,675.0,438.34,0.3506074074074074,236.66000000000003
2023-12-31,2023,12,Product C,West,Customer 01,27,45,0.0,1215.0,799.42,0.3420411522633745,415.58000000000004
2023-12-31,2023,12,Product C,West,Customer 05,22,45,0.0,990.0,610.63,0.3832020202020202,379.37
2023-12-31,2023,12,Product C,West,Customer 19,21,45,0.0,945.0,580.33,0.38589417989417985,364.66999999999996
2023-12-31,2023,12,Product C,West,Customer 04,20,45,0.0,900.0,562.54,0.3749555555555556,337.46000000000004
2023-12-31,2023,12,Product C,West,Customer 15,23,45,0.0,1035.0,660.41,0.3619227053140097,374.59000000000003
2024-01-31,2024,1,Product A,North,Customer 09,30,120,0.0,3600.0,1896.44,0.4732111111111111,1703.56
2024-01-31,2024,1,Product A,North,Customer 12,20,120,0.0,2400.0,1385.54,0.4226916666666667,1014.46
2024-01-31,2024,1,Product A,North,Customer 20,21,120,0.0,2520.0,1356.72,0.4616190476190476,1163.28
2024-01-31,2024,1,Product A,North,Customer 15,12,120,0.1,1296.0,733.88,0.43373456790123455,562.12
2024-01-31,2024,1,Product A,North,Customer 19,23,120,0.0,2760.0,1490.93,0.4598079710144927,1269.07
2024-01-31,2024,1,Product A,North,Customer 13,22,120,0.05,2508.0,1381.04,0.44934609250398727,1126.96
2024-01-31,2024,1,Product A,South,Customer 11,29,120,0.05,3306.0,1818.92,0.44981246218995763,1487.08
2024-01-31,2024,1,Product A,South,Customer 04,25,120,0.05,2850.0,1572.02,0.4484140350877193,1277.98
2024-01-31,2024,1,Product A,South,Customer 20,16,120,0.0,1920.0,1041.36,0.45762500000000006,878.6400000000001
2024-01-31,2024,1,Product A,South,Customer 03,23,120,0.05,2622.0,1434.02,0.45308161708619377,1187.98
2024-01-31,2024,1,Product A,West,Customer 20,24,120,0.0,2880.0,1563.1,0.4572569444444445,1316.9
2024-01-31,2024,1,Product A,West,Customer 17,19,120,0.05,2166.0,1176.28,0.45693444136657435,989.72
2024-01-31,2024,1,Product A,West,Customer 11,18,120,0.0,2160.0,1177.96,0.45464814814814813,982.04
2024-01-31,2024,1,Product B,North,Customer 17,26,85,0.1,1989.0,1188.06,0.402684766214178,800.94
2024-01-31,2024,1,Product B,North,Customer 07,25,85,0.05,2018.75,1187.29,0.41186873065015484,831.46
2024-01-31,2024,1,Product B,North,Customer 06,14,85,0.0,1190.0,724.04,0.39156302521008407,465.96000000000004
2024-01-31,2024,1,Product B,North,Customer 02,22,85,0.0,1870.0,1139.11,0.3908502673796792,730.8900000000001
2024-01-31,2024,1,Product B,South,Customer 12,25,85,0.0,2125.0,1268.23,0.40318588235294117,856.77
2024-01-31,2024,1,Product B,South,Customer 19,18,85,0.05,1453.5,851.21,0.4143722050223598,602.29
2024-01-31,2024,1,Product B,South,Customer 07,20,85,0.0,1700.0,1004.16,0.40931764705882356,695.84
2024-01-31,2024,1,Product B,South,Customer 01,25,85,0.0,2125.0,1283.56,0.39597176470588236,841.44
2024-01-31,2024,1,Product B,South,Customer 14,21,85,0.0,1785.0,1092.91,0.3877254901960784,692.0899999999999
2024-01-31,2024,1,Product B,South,Customer 02,17,85,0.05,1372.75,869.28,0.36676015297759973,503.47
2024-01-31,2024,1,Product B,West,Customer 12,25,85,0.0,2125.0,1248.63,0.41240941176470586,876.3699999999999
2024-01-31,2024,1,Product B,West,Customer 19,20,85,0.0,1700.0,1035.15,0.39108823529411757,664.8499999999999
2024-01-31,2024,1,Product B,West,Customer 14,22,85,0.0,1870.0,1172.33,0.37308556149732625,697.6700000000001
2024-01-31,2024,1,Product B,West,Customer 20,18,85,0.1,1377.0,831.5,0.3961510530137981,545.5
2024-01-31,2024,1,Product B,West,Customer 02,23,85,0.0,1955.0,1160.23,0.4065319693094629,794.77
2024-01-31,2024,1,Product B,West,Customer 08,21,85,0.0,1785.0,1076.61,0.3968571428571429,708.3900000000001
2024-01-31,2024,1,Product C,North,Customer 09,15,45,0.1,607.5,410.26,0.32467489711934155,197.24
2024-01-31,2024,1,Product C,North,Customer 16,17,45,0.05,726.75,473.91,0.3479050567595459,252.83999999999997
2024-01-31,2024,1,Product C,North,Customer 05,16,45,0.05,684.0,450.35,0.34159356725146195,233.64999999999998
2024-01-31,2024,1,Product C,North,Customer 02,24,45,0.0,1080.0,707.12,0.34525925925925927,372.88
2024-01-31,2024,1,Product C,North,Customer 08,17,45,0.05,726.75,477.4,0.3431028551771586,249.35000000000002
2024-01-31,2024,1,Product C,South,Customer 10,24,45,0.1,972.0,626.34,0.35561728395061726,345.65999999999997
2024-01-31,2024,1,Product C,South,Customer 19,33,45,0.0,1485.0,923.95,0.37781144781144776,561.05
2024-01-31,2024,1,Product C,South,Customer 13,21,45,0.0,945.0,625.42,0.33817989417989425,319.58000000000004
2024-01-31,2024,1,Product C,South,Customer 04,22,45,0.0,990.0,649.22,0.3442222222222222,340.78
2024-01-31,2024,1,Product C,South,Customer 02,14,45,0.0,630.0,409.0,0.35079365079365077,221.0
2024-01-31,2024,1,Product C,South,Customer 06,19,45,0.05,812.25,547.21,0.3263034779932286,265.03999999999996
2024-01-31,2024,1,Product C,West,Customer 17,12,45,0.05,513.0,340.87,0.33553606237816763,172.13
2024-01-31,2024,1,Product C,West,Customer 15,18,45,0.1,729.0,482.84,0.3376680384087792,246.16000000000003
2024-01-31,2024,1,Product C,West,Customer 05,25,45,0.0,1125.0,709.78,0.3690844444444445,415.22
2024-01-31,2024,1,Product C,West,Customer 07,30,45,0.05,1282.5,876.18,0.31681871345029244,406.32000000000005
2024-01-31,2024,1,Product C,West,Customer 02,21,45,0.1,850.5,575.76,0.32303350970017636,274.74
2024-01-31,2024,1,Product C,West,Customer 12,30,45,0.05,1282.5,825.24,0.35653801169590643,457.26
2024-02-29,2024,2,Product A,North,Customer 11,18,120,0.05,2052.0,1210.31,0.41018031189083826,841.69
2024-02-29,2024,2,Product A,North,Customer 13,22,120,0.0,2640.0,1411.35,0.4653977272727273,1228.65
2024-02-29,2024,2,Product A,North,Customer 12,22,120,0.0,2640.0,1484.81,0.4375719696969697,1155.19
2024-02-29,2024,2,Product A,North,Customer 01,12,120,0.0,1440.0,817.92,0.43200000000000005,622.08
2024-02-29,2024,2,Product A,North,Customer 05,23,120,0.0,2760.0,1512.96,0.4518260869565217,1247.04
2024-02-29,2024,2,Product A,South,Customer 01,18,120,0.0,2160.0,1170.55,0.45807870370370374,989.45
2024-02-29,2024,2,Product A,South,Customer 19,24,120,0.0,2880.0,1613.58,0.43972916666666667,1266.42
2024-02-29,2024,2,Product A,South,Customer 08,22,120,0.0,2640.0,1421.35,0.46160984848484854,1218.65
2024-02-29,2024,2,Product A,South,Customer 14,19,120,0.0,2280.0,1248.66,0.4523421052631579,1031.34
2024-02-29,2024,2,Product A,South,Customer 03,21,120,0.0,2520.0,1397.15,0.44557539682539676,1122.85
2024-02-29,2024,2,Product A,South,Customer 15,17,120,0.05,1938.0,1043.08,0.4617750257997936,894.9200000000001
2024-02-29,2024,2,Product A,West,Customer 02,15,120,0.0,1800.0,1015.16,0.43602222222222226,784.84
2024-02-29,2024,2,Product A,West,Customer 15,20,120,0.05,2280.0,1299.99,0.42982894736842103,980.01
2024-02-29,2024,2,Product A,West,Customer 19,21,120,0.0,2520.0,1372.41,0.4553928571428571,1147.59
2024-02-29,2024,2,Product B,North,Customer 12,22,85,0.0,1870.0,1103.46,0.4099144385026738,766.54
2024-02-29,2024,2,Product B,North,Customer 20,16,85,0.0,1360.0,789.92,0.4191764705882353,570.08
2024-02-29,2024,2,Product B,North,Customer 08,14,85,0.1,1071.0,644.37,0.3983473389355742,426.63
2024-02-29,2024,2,Product B,North,Customer 10,23,85,0.0,1955.0,1147.64,0.4129718670076726,807.3599999999999
2024-02-29,2024,2,Product B,South,Customer 20,28,85,0.1,2142.0,1303.86,0.3912885154061625,838.1400000000001
2024-02-29,2024,2,Product B,South,Customer 14,25,85,0.0,2125.0,1237.13,0.4178211764705882,887.8699999999999
2024-02-29,2024,2,Product B,South,Customer 06,21,85,0.05,1695.75,1004.02,0.4079197994987469,691.73
2024-02-29,2024,2,Product B,South,Customer 03,13,85,0.0,1105.0,687.33,0.37798190045248864,417.66999999999996
2024-02-29,2024,2,Product B,West,Customer 04,21,85,0.0,1785.0,1093.31,0.38750140056022414,691.69
2024-02-29,2024,2,Product B,West,Customer 16,21,85,0.0,1785.0,1061.26,0.40545658263305323,723.74
2024-02-29,2024,2,Product B,West,Customer 15,21,85,0.0,1785.0,1069.88,0.4006274509803921,715.1199999999999
2024-02-29,2024,2,Product B,West,Customer 12,24,85,0.0,2040.0,1164.12,0.42935294117647066,875.8800000000001
2024-02-29,2024,2,Product B,West,Customer 05,20,85,0.0,1700.0,1025.23,0.3969235294117647,674.77
2024-02-29,2024,2,Product B,West,Customer 10,23,85,0.0,1955.0,1163.48,0.4048695652173913,791.52
2024-02-29,2024,2,Product C,North,Customer 12,20,45,0.0,900.0,607.14,0.3254,292.86
2024-02-29,2024,2,Product C,North,Customer 10,23,45,0.0,1035.0,670.04,0.35261835748792275,364.96000000000004
2024-02-29,2024,2,Product C,North,Customer 07,22,45,0.0,990.0,640.43,0.35310101010101014,349.57000000000005
2024-02-29,2024,2,Product C,North,Customer 01,23,45,0.0,1035.0,700.95,0.3227536231884058,334.04999999999995
2024-02-29,2024,2,Product C,North,Customer 17,21,45,0.0,945.0,612.87,0.3514603174603175,332.13
2024-02-29,2024,2,Product C,North,Customer 09,30,45,0.05,1282.5,826.52,0.3555399610136452,455.98
2024-02-29,2024,2,Product C,South,Customer 09,22,45,0.0,990.0,651.25,0.3421717171717172,338.75
2024-02-29,2024,2,Product C,South,Customer 06,15,45,0.05,641.25,414.5,0.35360623781676415,226.75
2024-02-29,2024,2,Product C,South,Customer 12,21,45,0.0,945.0,611.86,0.3525291005291005,333.14
2024-02-29,2024,2,Product C,West,Customer 20,21,45,0.0,945.0,603.53,0.36134391534391536,341.47
2024-02-29,2024,2,Product C,West,Customer 16,16,45,0.0,720.0,453.75,0.3697916666666667,266.25
2024-02-29,2024,2,Product C,West,Customer 15,20,45,0.05,855.0,559.65,0.3454385964912281,295.35
2024-02-29,2024,2,Product C,West,Customer 12,26,45,0.0,1170.0,725.0,0.3803418803418803,445.0
2024-03-31,2024,3,Product A,North,Customer 09,23,120,0.0,2760.0,1512.93,0.4518369565217391,1247.07
2024-03-31,2024,3,Product A,North,Customer 13,24,120,0.0,2880.0,1541.05,0.46491319444444446,1338.95
2024-03-31,2024,3,Product A,North,Customer 05,16,120,0.0,1920.0,1094.43,0.429984375,825.5699999999999
2024-03-31,2024,3,Product A,South,Customer 09,18,120,0.0,2160.0,1193.05,0.44766203703703705,966.95
2024-03-31,2024,3,Product A,South,Customer 03,25,120,0.1,2700.0,1501.27,0.4439740740740741,1198.73
2024-03-31,2024,3,Product A,South,Customer 17,21,120,0.0,2520.0,1444.3,0.4268650793650794,1075.7
2024-03-31,2024,3,Product A,West,Customer 17,21,120,0.0,2520.0,1343.45,0.4668849206349206,1176.55
2024-03-31,2024,3,Product A,West,Customer 09,25,120,0.0,3000.0,1664.94,0.44501999999999997,1335.06
2024-03-31,2024,3,Product A,West,Customer 15,20,120,0.0,2400.0,1329.58,0.44600833333333334,1070.42
2024-03-31,2024,3,Product B,North,Customer 19,11,85,0.1,841.5,490.21,0.41745692216280456,351.29
2024-03-31,2024,3,Product B,North,Customer 04,16,85,0.0,1360.0,800.98,0.41104411764705884,559.02
2024-03-31,2024,3,Product B,North,Customer 09,23,85,0.0,1955.0,1162.36,0.4054424552429668,792.6400000000001
2024-03-31,2024,3,Product B,North,Customer 10,21,85,0.0,1785.0,988.94,0.4459719887955182,796.06
2024-03-31,2024,3,Product B,North,Customer 13,19,85,0.0,1615.0,996.16,0.3831826625386997,618.84
2024-03-31,2024,3,Product B,South,Customer 10,25,85,0.0,2125.0,1221.91,0.42498352941176465,903.0899999999999
2024-03-31,2024,3,Product B,South,Customer 03,22,85,0.0,1870.0,1096.34,0.4137219251336899,773.6600000000001
2024-03-31,2024,3,Product B,South,Customer 04,14,85,0.05,1130.5,693.2,0.38681999115435645,437.29999999999995
2024-03-31,2024,3,Product B,South,Customer 01,25,85,0.05,2018.75,1166.25,0.42229102167182664,852.5
2024-03-31,2024,3,Product B,South,Customer 09,14,85,0.0,1190.0,709.76,0.403563025210084,480.24
2024-03-31,2024,3,Product B,South,Customer 08,28,85,0.05,2261.0,1341.14,0.40683768244139756,919.8599999999999
2024-03-31,2024,3,Product B,West,Customer 10,12,85,0.0,1020.0,587.27,0.42424509803921573,432.73
2024-03-31,2024,3,Product B,West,Customer 19,18,85,0.0,1530.0,891.24,0.41749019607843135,638.76
2024-03-31,2024,3,Product B,West,Customer 06,15,85,0.0,1275.0,792.21,0.3786588235294117,482.78999999999996
2024-03-31,2024,3,Product B,West,Customer 13,17,85,0.0,1445.0,885.7,0.38705882352941173,559.3
2024-03-31,2024,3,Product B,West,Customer 09,33,85,0.05,2664.75,1530.65,0.42559339525283796,1134.1
2024-03-31,2024,3,Product B,West,Customer 14,16,85,0.0,1360.0,852.75,0.3729779411764706,507.25
2024-03-31,2024,3,Product C,North,Customer 17,13,45,0.0,585.0,390.06,0.3332307692307692,194.94
2024-03-31,2024,3,Product C,North,Customer 01,18,45,0.0,810.0,492.86,0.39153086419753086,317.14
2024-03-31,2024,3,Product C,North,Customer 19,28,45,0.0,1260.0,789.21,0.3736428571428571,470.78999999999996
2024-03-31,2024,3,Product C,North,Customer 03,26,45,0.0,1170.0,786.41,0.32785470085470086,383.59000000000003
2024-03-31,2024,3,Product C,South,Customer 03,22,45,0.1,891.0,558.37,0.37332210998877663,332.63
2024-03-31,2024,3,Product C,South,Customer 01,18,45,0.05,769.5,499.58,0.3507732293697206,269.92
2024-03-31,2024,3,Product C,South,Customer 16,23,45,0.0,1035.0,692.97,0.330463768115942,342.03
2024-03-31,2024,3,Product C,West,Customer 13,23,45,0.0,1035.0,676.89,0.34600000000000003,358.11
2024-03-31,2024,3,Product C,West,Customer 18,18,45,0.0,810.0,503.6,0.37827160493827156,306.4
2024-03-31,2024,3,Product C,West,Customer 06,14,45,0.05,598.5,376.11,0.371578947368421,222.39
2024-04-30,2024,4,Product A,North,Customer 01,15,120,0.0,1800.0,990.86,0.4495222222222222,809.14
2024-04-30,2024,4,Product A,North,Customer 14,23,120,0.0,2760.0,1566.97,0.43225724637681157,1193.03
2024-04-30,2024,4,Product A,North,Customer 18,23,120,0.0,2760.0,1591.14,0.4235,1168.86
2024-04-30,2024,4,Product A,South,Customer 16,24,120,0.0,2880.0,1658.25,0.42421875,1221.75
2024-04-30,2024,4,Product A,South,Customer 09,15,120,0.0,1800.0,1006.19,0.44100555555555554,793.81
2024-04-30,2024,4,Product A,South,Customer 15,16,120,0.1,1728.0,923.5,0.46556712962962965,804.5
2024-04-30,2024,4,Product A,South,Customer 02,15,120,0.0,1800.0,1039.89,0.4222833333333333,760.1099999999999
2024-04-30,2024,4,Product A,South,Customer 08,28,120,0.0,3360.0,1888.74,0.437875,1471.26
2024-04-30,2024,4,Product A,South,Customer 01,25,120,0.0,3000.0,1580.69,0.4731033333333333,1419.31
2024-04-30,2024,4,Product A,West,Customer 19,14,120,0.1,1512.0,761.59,0.49630291005291005,750.41
2024-04-30,2024,4,Product A,West,Customer 16,20,120,0.0,2400.0,1282.22,0.46574166666666666,1117.78
2024-04-30,2024,4,Product A,West,Customer 17,18,120,0.05,2052.0,1096.31,0.4657358674463938,955.69
2024-04-30,2024,4,Product B,North,Customer 16,16,85,0.0,1360.0,844.39,0.379125,515.61
2024-04-30,2024,4,Product B,North,Customer 06,24,85,0.0,2040.0,1210.16,0.4067843137254902,829.8399999999999
2024-04-30,2024,4,Product B,North,Customer 07,23,85,0.0,1955.0,1183.81,0.39447058823529413,771.19
2024-04-30,2024,4,Product B,North,Customer 20,33,85,0.0,2805.0,1676.37,0.4023636363636364,1128.63
2024-04-30,2024,4,Product B,South,Customer 15,25,85,0.0,2125.0,1232.0,0.42023529411764704,893.0
2024-04-30,2024,4,Product B,South,Customer 03,19,85,0.0,1615.0,987.9,0.388297213622291,627.1
2024-04-30,2024,4,Product B,South,Customer 20,24,85,0.0,2040.0,1145.67,0.43839705882352936,894.3299999999999
2024-04-30,2024,4,Product B,West,Customer 07,13,85,0.0,1105.0,662.27,0.4006606334841629,442.73
2024-04-30,2024,4,Product B,West,Customer 18,18,85,0.0,1530.0,857.3,0.4396732026143791,672.7
2024-04-30,2024,4,Product B,West,Customer 13,13,85,0.0,1105.0,642.37,0.41866968325791853,462.63
2024-04-30,2024,4,Product C,North,Customer 11,14,45,0.0,630.0,413.16,0.34419047619047616,216.83999999999997
2024-04-30,2024,4,Product C,North,Customer 13,15,45,0.0,675.0,448.77,0.3351555555555556,226.23000000000002
2024-04-30,2024,4,Product C,North,Customer 15,24,45,0.1,972.0,636.82,0.344835390946502,335.17999999999995
2024-04-30,2024,4,Product C,North,Customer 01,22,45,0.0,990.0,642.63,0.3508787878787879,347.37
2024-04-30,2024,4,Product C,North,Customer 03,26,45,0.0,1170.0,761.25,0.34935897435897434,408.75
2024-04-30,2024,4,Product C,North,Customer 20,20,45,0.05,855.0,551.3,0.35520467836257313,303.70000000000005
2024-04-30,2024,4,Product C,South,Customer 01,16,45,0.0,720.0,459.6,0.36166666666666664,260.4
2024-04-30,2024,4,Product C,South,Customer 08,27,45,0.0,1215.0,828.63,0.318,386.37
2024-04-30,2024,4,Product C,South,Customer 07,21,45,0.0,945.0,628.91,0.3344867724867725,316.09000000000003
2024-04-30,2024,4,Product C,South,Customer 04,25,45,0.0,1125.0,744.82,0.3379377777777777,380.17999999999995
2024-04-30,2024,4,Product C,West,Customer 05,17,45,0.0,765.0,512.6,0.3299346405228758,252.39999999999998
2024-04-30,2024,4,Product C,West,Customer 14,22,45,0.1,891.0,556.27,0.375679012345679,334.73
2024-04-30,2024,4,Product C,West,Customer 11,22,45,0.0,990.0,610.59,0.3832424242424242,379.40999999999997
2024-05-31,2024,5,Product A,North,Customer 04,22,120,0.0,2640.0,1352.81,0.4875719696969697,1287.19
2024-05-31,2024,5,Product A,North,Customer 01,20,120,0.0,2400.0,1304.94,0.456275,1095.06
2024-05-31,2024,5,Product A,North,Customer 05,12,120,0.0,1440.0,785.3,0.4546527777777778,654.7
2024-05-31,2024,5,Product A,North,Customer 02,21,120,0.05,2394.0,1342.6,0.4391812865497076,1051.4
2024-05-31,2024,5,Product A,North,Customer 11,26,120,0.0,3120.0,1794.65,0.4247916666666666,1325.35
2024-05-31,2024,5,Product A,North,Customer 18,20,120,0.0,2400.0,1255.61,0.4768291666666667,1144.39
2024-05-31,2024,5,Product A,South,Customer 06,17,120,0.05,1938.0,1050.04,0.4581836945304438,887.96
2024-05-31,2024,5,Product A,South,Customer 07,21,120,0.0,2520.0,1453.04,0.42339682539682544,1066.96
2024-05-31,2024,5,Product A,South,Customer 10,21,120,0.0,2520.0,1440.67,0.42830555555555555,1079.33
2024-05-31,2024,5,Product A,South,Customer 11,20,120,0.0,2400.0,1405.97,0.41417916666666665,994.03
2024-05-31,2024,5,Product A,West,Customer 05,18,120,0.0,2160.0,1181.73,0.45290277777777777,978.27
2024-05-31,2024,5,Product A,West,Customer 12,21,120,0.0,2520.0,1377.48,0.4533809523809524,1142.52
2024-05-31,2024,5,Product A,West,Customer 10,8,120,0.0,960.0,528.11,0.44988541666666665,431.89
2024-05-31,2024,5,Product A,West,Customer 17,24,120,0.0,2880.0,1601.93,0.4437743055555555,1278.07
2024-05-31,2024,5,Product B,North,Customer 02,17,85,0.0,1445.0,862.31,0.40324567474048445,582.69
2024-05-31,2024,5,Product B,North,Customer 04,19,85,0.05,1534.25,876.88,0.4284634186084406,657.37
2024-05-31,2024,5,Product B,North,Customer 01,25,85,0.0,2125.0,1309.24,0.3838870588235294,815.76
2024-05-31,2024,5,Product B,South,Customer 07,12,85,0.1,918.0,571.07,0.37791938997821345,346.92999999999995
2024-05-31,2024,5,Product B,South,Customer 09,18,85,0.0,1530.0,949.87,0.3791699346405229,580.13
2024-05-31,2024,5,Product B,South,Customer 08,21,85,0.05,1695.75,1019.23,0.3989503169688928,676.52
2024-05-31,2024,5,Product B,South,Customer 11,14,85,0.0,1190.0,698.05,0.41340336134453787,491.95000000000005
2024-05-31,2024,5,Product B,South,Customer 06,17,85,0.0,1445.0,816.04,0.4352664359861592,628.96
2024-05-31,2024,5,Product B,West,Customer 15,19,85,0.0,1615.0,990.3,0.38681114551083595,624.7
2024-05-31,2024,5,Product B,West,Customer 01,18,85,0.05,1453.5,846.28,0.41776401788785694,607.22
2024-05-31,2024,5,Product B,West,Customer 19,15,85,0.0,1275.0,799.01,0.3733254901960784,475.99
2024-05-31,2024,5,Product B,West,Customer 12,26,85,0.0,2210.0,1327.97,0.39910859728506787,882.03
2024-05-31,2024,5,Product B,West,Customer 17,22,85,0.0,1870.0,1116.57,0.40290374331550804,753.4300000000001
2024-05-31,2024,5,Product C,North,Customer 03,32,45,0.0,1440.0,933.52,0.3517222222222222,506.48
2024-05-31,2024,5,Product C,North,Customer 20,15,45,0.05,641.25,412.19,0.3572085769980507,229.06
2024-05-31,2024,5,Product C,North,Customer 10,19,45,0.1,769.5,510.63,0.3364132553606238,258.87
2024-05-31,2024,5,Product C,North,Customer 13,21,45,0.1,850.5,547.29,0.35650793650793655,303.21000000000004
2024-05-31,2024,5,Product C,South,Customer 11,23,45,0.0,1035.0,650.25,0.3717391304347826,384.75
2024-05-31,2024,5,Product C,South,Customer 08,25,45,0.0,1125.0,747.62,0.3354488888888889,377.38
2024-05-31,2024,5,Product C,South,Customer 20,15,45,0.0,675.0,448.1,0.33614814814814814,226.89999999999998
2024-05-31,2024,5,Product C,West,Customer 14,20,45,0.0,900.0,600.01,0.33332222222222224,299.99
2024-05-31,2024,5,Product C,West,Customer 10,24,45,0.05,1026.0,679.34,0.33787524366471733,346.65999999999997
2024-05-31,2024,5,Product C,West,Customer 09,29,45,0.0,1305.0,838.84,0.3572107279693486,466.15999999999997
2024-05-31,2024,5,Product C,West,Customer 02,26,45,0.0,1170.0,739.84,0.3676581196581196,430.15999999999997
2024-06-30,2024,6,Product A,North,Customer 12,19,120,0.0,2280.0,1229.41,0.4607850877192982,1050.59
2024-06-30,2024,6,Product A,North,Customer 09,28,120,0.0,3360.0,1910.32,0.431452380952381,1449.68
2024-06-30,2024,6,Product A,North,Customer 08,23,120,0.0,2760.0,1561.15,0.4343659420289855,1198.85
2024-06-30,2024,6,Product A,North,Customer 06,18,120,0.0,2160.0,1221.97,0.43427314814814816,938.03
2024-06-30,2024,6,Product A,North,Customer 10,17,120,0.05,1938.0,1082.31,0.44153250773993813,855.69
2024-06-30,2024,6,Product A,North,Customer 01,25,120,0.0,3000.0,1689.62,0.43679333333333337,1310.38
2024-06-30,2024,6,Product A,South,Customer 12,20,120,0.0,2400.0,1349.87,0.4375541666666667,1050.13
2024-06-30,2024,6,Product A,South,Customer 11,20,120,0.05,2280.0,1193.52,0.4765263157894737,1086.48
2024-06-30,2024,6,Product A,South,Customer 05,16,120,0.05,1824.0,980.25,0.46258223684210525,843.75
2024-06-30,2024,6,Product A,South,Customer 19,28,120,0.1,3024.0,1650.0,0.45436507936507936,1374.0
2024-06-30,2024,6,Product A,South,Customer 10,16,120,0.1,1728.0,893.27,0.4830613425925926,834.73
2024-06-30,2024,6,Product A,South,Customer 13,21,120,0.0,2520.0,1260.45,0.4998214285714285,1259.55
2024-06-30,2024,6,Product A,West,Customer 01,23,120,0.0,2760.0,1526.37,0.44696739130434787,1233.63
2024-06-30,2024,6,Product A,West,Customer 10,13,120,0.05,1482.0,832.07,0.43854925775978404,649.93
2024-06-30,2024,6,Product A,West,Customer 11,27,120,0.0,3240.0,1867.33,0.4236635802469136,1372.67
2024-06-30,2024,6,Product A,West,Customer 07,18,120,0.0,2160.0,1194.59,0.44694907407407414,965.4100000000001
2024-06-30,2024,6,Product B,North,Customer 20,23,85,0.0,1955.0,1135.95,0.41895140664961633,819.05
2024-06-30,2024,6,Product B,North,Customer 18,23,85,0.1,1759.5,1022.27,0.4189997158283603,737.23
2024-06-30,2024,6,Product B,North,Customer 10,22,85,0.0,1870.0,1157.63,0.38094652406417107,712.3699999999999
2024-06-30,2024,6,Product B,North,Customer 11,31,85,0.0,2635.0,1512.63,0.4259468690702087,1122.37
2024-06-30,2024,6,Product B,South,Customer 11,21,85,0.0,1785.0,1064.27,0.4037703081232493,720.73
2024-06-30,2024,6,Product B,South,Customer 17,22,85,0.0,1870.0,1081.96,0.4214117647058823,788.04
2024-06-30,2024,6,Product B,South,Customer 15,23,85,0.05,1857.25,1169.27,0.370429398303944,687.98
2024-06-30,2024,6,Product B,South,Customer 19,17,85,0.0,1445.0,868.06,0.3992664359861592,576.94
2024-06-30,2024,6,Product B,West,Customer 16,32,85,0.0,2720.0,1582.93,0.41804044117647055,1137.07
2024-06-30,2024,6,Product B,West,Customer 07,17,85,0.05,1372.75,834.48,0.3921107266435986,538.27
2024-06-30,2024,6,Product B,West,Customer 17,14,85,0.05,1130.5,678.7,0.3996461742591773,451.79999999999995
2024-06-30,2024,6,Product B,West,Customer 19,24,85,0.0,2040.0,1227.74,0.39816666666666667,812.26
2024-06-30,2024,6,Product B,West,Customer 18,18,85,0.0,1530.0,960.66,0.37211764705882355,569.34
2024-06-30,2024,6,Product B,West,Customer 12,17,85,0.1,1300.5,784.36,0.39687812379853904,516.14
2024-06-30,2024,6,Product C,North,Customer 06,21,45,0.0,945.0,618.75,0.34523809523809523,326.25
2024-06-30,2024,6,Product C,North,Customer 10,23,45,0.05,983.25,630.28,0.3589829646580219,352.97
2024-06-30,2024,6,Product C,North,Customer 16,20,45,0.0,900.0,600.18,0.3331333333333334,299.82000000000005
2024-06-30,2024,6,Product C,South,Customer 13,17,45,0.0,765.0,507.02,0.33722875816993464,257.98
2024-06-30,2024,6,Product C,South,Customer 03,24,45,0.0,1080.0,705.89,0.3463981481481482,374.11
2024-06-30,2024,6,Product C,South,Customer 07,19,45,0.05,812.25,543.07,0.33140043090181587,269.17999999999995
2024-06-30,2024,6,Product C,South,Customer 16,22,45,0.1,891.0,578.37,0.3508754208754209,312.63
2024-06-30,2024,6,Product C,South,Customer 05,20,45,0.0,900.0,590.02,0.34442222222222224,309.98
2024-06-30,2024,6,Product C,West,Customer 08,18,45,0.0,810.0,513.56,0.36597530864197536,296.44000000000005
2024-06-30,2024,6,Product C,West,Customer 17,18,45,0.05,769.5,484.31,0.37061728395061727,285.19
2024-06-30,2024,6,Product C,West,Customer 01,19,45,0.1,769.5,488.92,0.36462638076673165,280.58
2024-06-30,2024,6,Product C,West,Customer 14,21,45,0.05,897.75,599.2,0.3325536062378167,298.54999999999995
2024-06-30,2024,6,Product C,West,Customer 19,24,45,0.05,1026.0,624.55,0.39127680311890845,401.45000000000005
2024-06-30,2024,6,Product C,West,Customer 04,15,45,0.05,641.25,406.25,0.3664717348927875,235.0
2024-07-31,2024,7,Product A,North,Customer 15,21,120,0.05,2394.0,1284.38,0.46350041771094397,1109.62
2024-07-31,2024,7,Product A,North,Customer 16,16,120,0.0,1920.0,1017.63,0.469984375,902.37
2024-07-31,2024,7,Product A,North,Customer 17,13,120,0.0,1560.0,876.81,0.43794230769230774,683.19
2024-07-31,2024,7,Product A,South,Customer 10,18,120,0.1,1944.0,1063.13,0.453122427983539,880.8699999999999
2024-07-31,2024,7,Product A,South,Customer 19,24,120,0.0,2880.0,1627.8,0.4347916666666667,1252.2
2024-07-31,2024,7,Product A,South,Customer 06,16,120,0.0,1920.0,1084.1,0.4353645833333334,835.9000000000001
2024-07-31,2024,7,Product A,West,Customer 06,20,120,0.0,2400.0,1303.34,0.4569416666666667,1096.66
2024-07-31,2024,7,Product A,West,Customer 12,8,120,0.05,912.0,491.43,0.46115131578947366,420.57
2024-07-31,2024,7,Product A,West,Customer 18,34,120,0.0,4080.0,2246.3,0.4494362745098039,1833.6999999999998
2024-07-31,2024,7,Product A,West,Customer 07,17,120,0.0,2040.0,1144.87,0.43878921568627455,895.1300000000001
2024-07-31,2024,7,Product A,West,Customer 20,23,120,0.0,2760.0,1465.68,0.46895652173913044,1294.32
2024-07-31,2024,7,Product A,West,Customer 10,17,120,0.05,1938.0,1051.05,0.4576625386996904,886.95
2024-07-31,2024,7,Product B,North,Customer 09,24,85,0.1,1836.0,1116.87,0.3916830065359478,719.1300000000001
2024-07-31,2024,7,Product B,North,Customer 11,9,85,0.0,765.0,473.49,0.3810588235294117,291.51
2024-07-31,2024,7,Product B,North,Customer 17,24,85,0.0,2040.0,1187.35,0.41796568627450986,852.6500000000001
2024-07-31,2024,7,Product B,North,Customer 18,20,85,0.1,1530.0,932.72,0.39037908496732027,597.28
2024-07-31,2024,7,Product B,South,Customer 17,14,85,0.0,1190.0,733.01,0.3840252100840336,456.99
2024-07-31,2024,7,Product B,South,Customer 03,19,85,0.0,1615.0,1006.54,0.37675541795665635,608.46
2024-07-31,2024,7,Product B,South,Customer 14,18,85,0.0,1530.0,824.73,0.4609607843137255,705.27
2024-07-31,2024,7,Product B,South,Customer 19,24,85,0.05,1938.0,1200.31,0.38064499484004133,737.69
2024-07-31,2024,7,Product B,South,Customer 04,13,85,0.0,1105.0,670.22,0.3934660633484163,434.78
2024-07-31,2024,7,Product B,South,Customer 08,23,85,0.0,1955.0,1110.42,0.4320102301790281,844.5799999999999
2024-07-31,2024,7,Product B,West,Customer 01,25,85,0.0,2125.0,1249.95,0.4117882352941176,875.05
2024-07-31,2024,7,Product B,West,Customer 05,22,85,0.0,1870.0,1080.7,0.4220855614973262,789.3
2024-07-31,2024,7,Product B,West,Customer 02,19,85,0.0,1615.0,956.36,0.4078266253869969,658.64
2024-07-31,2024,7,Product B,West,Customer 18,26,85,0.0,2210.0,1299.2,0.4121266968325792,910.8
2024-07-31,2024,7,Product B,West,Customer 20,18,85,0.0,1530.0,911.57,0.40420261437908495,618.43
2024-07-31,2024,7,Product B,West,Customer 19,16,85,0.1,1224.0,749.84,0.38738562091503265,474.15999999999997
2024-07-31,2024,7,Product C,North,Customer 15,21,45,0.0,945.0,630.01,0.33332275132275135,314.99
2024-07-31,2024,7,Product C,North,Customer 03,12,45,0.0,540.0,358.82,0.33551851851851855,181.18
2024-07-31,2024,7,Product C,North,Customer 20,21,45,0.0,945.0,639.4,0.3233862433862434,305.6
2024-07-31,2024,7,Product C,North,Customer 07,21,45,0.1,850.5,550.89,0.3522751322751323,299.61
2024-07-31,2024,7,Product C,North,Customer 11,23,45,0.0,1035.0,658.16,0.36409661835748797,376.84000000000003
2024-07-31,2024,7,Product C,South,Customer 08,21,45,0.1,850.5,528.87,0.3781657848324515,321.63
2024-07-31,2024,7,Product C,South,Customer 07,18,45,0.0,810.0,549.09,0.32211111111111107,260.90999999999997
2024-07-31,2024,7,Product C,South,Customer 12,29,45,0.05,1239.75,840.27,0.3222262552934059,399.48
2024-07-31,2024,7,Product C,South,Customer 16,16,45,0.0,720.0,477.79,0.3364027777777778,242.20999999999998
2024-07-31,2024,7,Product C,West,Customer 17,23,45,0.0,1035.0,680.0,0.34299516908212563,355.0
2024-07-31,2024,7,Product C,West,Customer 06,16,45,0.0,720.0,475.97,0.3389305555555555,244.02999999999997
2024-07-31,2024,7,Product C,West,Customer 02,11,45,0.05,470.25,320.47,0.3185114300903774,149.77999999999997
2024-07-31,2024,7,Product C,West,Customer 05,21,45,0.0,945.0,632.62,0.33056084656084656,312.38
2024-07-31,2024,7,Product C,West,Customer 07,23,45,0.0,1035.0,669.02,0.35360386473429956,365.98
2024-08-31,2024,8,Product A,North,Customer 04,23,120,0.0,2760.0,1489.79,0.46022101449275366,1270.21
2024-08-31,2024,8,Product A,North,Customer 14,17,120,0.0,2040.0,1122.85,0.4495833333333334,917.1500000000001
2024-08-31,2024,8,Product A,North,Customer 19,11,120,0.1,1188.0,615.77,0.4816750841750842,572.23
2024-08-31,2024,8,Product A,South,Customer 12,25,120,0.05,2850.0,1655.42,0.41915087719298244,1194.58
2024-08-31,2024,8,Product A,South,Customer 15,16,120,0.0,1920.0,993.09,0.482765625,926.91
2024-08-31,2024,8,Product A,South,Customer 07,16,120,0.05,1824.0,961.48,0.47287280701754386,862.52
2024-08-31,2024,8,Product A,South,Customer 19,17,120,0.0,2040.0,1170.77,0.42609313725490194,869.23
2024-08-31,2024,8,Product A,South,Customer 08,27,120,0.05,3078.0,1708.56,0.4449122807017544,1369.44
2024-08-31,2024,8,Product A,West,Customer 18,20,120,0.0,2400.0,1234.6,0.48558333333333337,1165.4
2024-08-31,2024,8,Product A,West,Customer 02,20,120,0.0,2400.0,1342.68,0.44055,1057.32
2024-08-31,2024,8,Product A,West,Customer 13,14,120,0.0,1680.0,933.67,0.4442440476190476,746.33
2024-08-31,2024,8,Product B,North,Customer 05,19,85,0.0,1615.0,984.41,0.39045820433436534,630.59
2024-08-31,2024,8,Product B,North,Customer 02,21,85,0.1,1606.5,907.27,0.4352505446623094,699.23
2024-08-31,2024,8,Product B,North,Customer 04,23,85,0.1,1759.5,1066.93,0.3936175049730037,692.5699999999999
2024-08-31,2024,8,Product B,North,Customer 13,20,85,0.05,1615.0,967.69,0.40081114551083585,647.31
2024-08-31,2024,8,Product B,South,Customer 08,24,85,0.05,1938.0,1150.75,0.40621775025799794,787.25
2024-08-31,2024,8,Product B,South,Customer 06,17,85,0.0,1445.0,859.85,0.4049480968858131,585.15
2024-08-31,2024,8,Product B,South,Customer 12,25,85,0.0,2125.0,1273.59,0.40066352941176475,851.4100000000001
2024-08-31,2024,8,Product B,South,Customer 18,22,85,0.0,1870.0,1115.32,0.403572192513369,754.6800000000001
2024-08-31,2024,8,Product B,South,Customer 15,16,85,0.0,1360.0,830.0,0.3897058823529412,530.0
2024-08-31,2024,8,Product B,West,Customer 01,19,85,0.0,1615.0,947.23,0.4134798761609907,667.77
2024-08-31,2024,8,Product B,West,Customer 15,23,85,0.0,1955.0,1165.65,0.40375959079283885,789.3499999999999
2024-08-31,2024,8,Product B,West,Customer 19,24,85,0.0,2040.0,1301.48,0.36201960784313725,738.52
2024-08-31,2024,8,Product B,West,Customer 05,24,85,0.05,1938.0,1189.0,0.3864809081527348,749.0
2024-08-31,2024,8,Product B,West,Customer 08,20,85,0.0,1700.0,1039.1,0.388764705882353,660.9000000000001
2024-08-31,2024,8,Product C,North,Customer 20,23,45,0.0,1035.0,650.76,0.3712463768115942,384.24
2024-08-31,2024,8,Product C,North,Customer 14,16,45,0.1,648.0,411.28,0.36530864197530866,236.72000000000003
2024-08-31,2024,8,Product C,North,Customer 17,20,45,0.0,900.0,569.07,0.36769999999999997,330.92999999999995
2024-08-31,2024,8,Product C,North,Customer 18,25,45,0.05,1068.75,726.35,0.3203742690058479,342.4
2024-08-31,2024,8,Product C,North,Customer 08,17,45,0.0,765.0,499.81,0.3466535947712418,265.19
2024-08-31,2024,8,Product C,North,Customer 16,18,45,0.0,810.0,535.24,0.3392098765432099,274.76
2024-08-31,2024,8,Product C,South,Customer 03,16,45,0.0,720.0,481.13,0.3317638888888889,238.87
2024-08-31,2024,8,Product C,South,Customer 09,25,45,0.05,1068.75,690.43,0.3539836257309942,378.32000000000005
2024-08-31,2024,8,Product C,South,Customer 01,24,45,0.0,1080.0,738.36,0.3163333333333333,341.64
2024-08-31,2024,8,Product C,South,Customer 15,19,45,0.0,855.0,557.48,0.3479766081871345,297.52
2024-08-31,2024,8,Product C,West,Customer 15,26,45,0.0,1170.0,736.96,0.3701196581196581,433.03999999999996
2024-08-31,2024,8,Product C,West,Customer 02,14,45,0.0,630.0,423.18,0.3282857142857143,206.82
2024-08-31,2024,8,Product C,West,Customer 09,29,45,0.0,1305.0,831.31,0.36298084291187743,473.69000000000005
2024-08-31,2024,8,Product C,West,Customer 19,22,45,0.0,990.0,640.23,0.3533030303030303,349.77
2024-08-31,2024,8,Product C,West,Customer 18,14,45,0.0,630.0,405.64,0.3561269841269841,224.36
2024-08-31,2024,8,Product C,West,Customer 05,18,45,0.0,810.0,541.64,0.3313086419753087,268.36
2024-09-30,2024,9,Product A,North,Customer 11,23,120,0.0,2760.0,1484.19,0.46225,1275.81
2024-09-30,2024,9,Product A,North,Customer 08,22,120,0.0,2640.0,1430.86,0.4580075757575758,1209.14
2024-09-30,2024,9,Product A,North,Customer 15,23,120,0.0,2760.0,1502.74,0.45552898550724635,1257.26
2024-09-30,2024,9,Product A,South,Customer 19,17,120,0.0,2040.0,1133.52,0.4443529411764706,906.48
2024-09-30,2024,9,Product A,South,Customer 10,21,120,0.0,2520.0,1382.93,0.45121825396825394,1137.07
2024-09-30,2024,9,Product A,South,Customer 20,12,120,0.05,1368.0,742.21,0.4574488304093567,625.79
2024-09-30,2024,9,Product A,South,Customer 09,26,120,0.0,3120.0,1748.41,0.43961217948717946,1371.59
2024-09-30,2024,9,Product A,South,Customer 07,17,120,0.1,1836.0,985.43,0.46327342047930287,850.57
2024-09-30,2024,9,Product A,South,Customer 05,19,120,0.0,2280.0,1234.57,0.4585219298245614,1045.43
2024-09-30,2024,9,Product A,West,Customer 05,15,120,0.0,1800.0,984.16,0.45324444444444445,815.84
2024-09-30,2024,9,Product A,West,Customer 01,15,120,0.0,1800.0,976.67,0.45740555555555557,823.33
2024-09-30,2024,9,Product A,West,Customer 08,18,120,0.1,1944.0,1104.18,0.43200617283950615,839.8199999999999
2024-09-30,2024,9,Product A,West,Customer 18,24,120,0.1,2592.0,1404.69,0.4580671296296296,1187.31
2024-09-30,2024,9,Product A,West,Customer 06,25,120,0.0,3000.0,1636.22,0.45459333333333335,1363.78
2024-09-30,2024,9,Product B,North,Customer 04,19,85,0.05,1534.25,971.16,0.3670131986312531,563.09
2024-09-30,2024,9,Product B,North,Customer 20,17,85,0.05,1372.75,843.77,0.38534328901839376,528.98
2024-09-30,2024,9,Product B,North,Customer 19,18,85,0.0,1530.0,916.56,0.40094117647058825,613.44
2024-09-30,2024,9,Product B,North,Customer 13,20,85,0.0,1700.0,1072.15,0.36932352941176466,627.8499999999999
2024-09-30,2024,9,Product B,South,Customer 13,19,85,0.1,1453.5,849.12,0.41581011351909186,604.38
2024-09-30,2024,9,Product B,South,Customer 14,15,85,0.0,1275.0,787.08,0.3826823529411764,487.91999999999996
2024-09-30,2024,9,Product B,South,Customer 17,19,85,0.0,1615.0,1014.38,0.37190092879256964,600.62
2024-09-30,2024,9,Product B,South,Customer 02,18,85,0.0,1530.0,974.04,0.36337254901960786,555.96
2024-09-30,2024,9,Product B,South,Customer 19,18,85,0.0,1530.0,986.28,0.35537254901960785,543.72
2024-09-30,2024,9,Product B,West,Customer 11,28,85,0.0,2380.0,1525.13,0.35918907563025204,854.8699999999999
2024-09-30,2024,9,Product B,West,Customer 03,16,85,0.1,1224.0,685.09,0.4402859477124183,538.91
2024-09-30,2024,9,Product B,West,Customer 16,24,85,0.0,2040.0,1146.13,0.43817156862745094,893.8699999999999
2024-09-30,2024,9,Product B,West,Customer 17,19,85,0.1,1453.5,858.33,0.40947368421052627,595.17
2024-09-30,2024,9,Product B,West,Customer 08,25,85,0.0,2125.0,1328.1,0.3750117647058824,796.9000000000001
2024-09-30,2024,9,Product C,North,Customer 02,19,45,0.0,855.0,546.25,0.3611111111111111,308.75
2024-09-30,2024,9,Product C,North,Customer 13,21,45,0.0,945.0,620.32,0.34357671957671954,324.67999999999995
2024-09-30,2024,9,Product C,North,Customer 03,18,45,0.0,810.0,518.04,0.3604444444444445,291.96000000000004
2024-09-30,2024,9,Product C,South,Customer 04,21,45,0.0,945.0,620.86,0.343005291005291,324.14
2024-09-30,2024,9,Product C,South,Customer 15,17,45,0.0,765.0,464.52,0.3927843137254902,300.48
2024-09-30,2024,9,Product C,South,Customer 02,27,45,0.0,1215.0,791.95,0.3481893004115226,423.04999999999995
2024-09-30,2024,9,Product C,West,Customer 07,15,45,0.05,641.25,405.81,0.3671578947368421,235.44
2024-09-30,2024,9,Product C,West,Customer 13,19,45,0.0,855.0,534.74,0.37457309941520467,320.26
2024-09-30,2024,9,Product C,West,Customer 05,27,45,0.0,1215.0,776.59,0.3608312757201646,438.40999999999997
2024-09-30,2024,9,Product C,West,Customer 06,14,45,0.05,598.5,378.85,0.367000835421888,219.64999999999998
2024-10-31,2024,10,Product A,North,Customer 03,18,120,0.05,2052.0,1140.54,0.4441812865497076,911.46
2024-10-31,2024,10,Product A,North,Customer 05,20,120,0.0,2400.0,1297.41,0.45941249999999995,1102.59
2024-10-31,2024,10,Product A,North,Customer 10,17,120,0.0,2040.0,1152.68,0.4349607843137255,887.3199999999999
2024-10-31,2024,10,Product A,North,Customer 14,18,120,0.0,2160.0,1191.77,0.44825462962962964,968.23
2024-10-31,2024,10,Product A,North,Customer 06,28,120,0.0,3360.0,1888.61,0.4379136904761905,1471.39
2024-10-31,2024,10,Product A,South,Customer 02,21,120,0.0,2520.0,1398.01,0.445234126984127,1121.99
2024-10-31,2024,10,Product A,South,Customer 09,22,120,0.0,2640.0,1463.23,0.4457462121212121,1176.77
2024-10-31,2024,10,Product A,South,Customer 04,19,120,0.0,2280.0,1207.28,0.47049122807017546,1072.72
2024-10-31,2024,10,Product A,South,Customer 01,19,120,0.0,2280.0,1272.28,0.44198245614035087,1007.72
2024-10-31,2024,10,Product A,West,Customer 07,15,120,0.0,1800.0,944.05,0.4755277777777778,855.95
2024-10-31,2024,10,Product A,West,Customer 04,17,120,0.0,2040.0,1104.05,0.45879901960784314,935.95
2024-10-31,2024,10,Product A,West,Customer 16,19,120,0.1,2052.0,1136.24,0.4462768031189084,915.76
2024-10-31,2024,10,Product A,West,Customer 02,17,120,0.0,2040.0,1070.31,0.4753382352941177,969.69
2024-10-31,2024,10,Product B,North,Customer 10,10,85,0.0,850.0,526.69,0.3803647058823529,323.30999999999995
2024-10-31,2024,10,Product B,North,Customer 05,19,85,0.0,1615.0,917.8,0.431702786377709,697.2
2024-10-31,2024,10,Product B,North,Customer 02,16,85,0.0,1360.0,823.34,0.39460294117647055,536.66
2024-10-31,2024,10,Product B,South,Customer 17,22,85,0.05,1776.5,1129.53,0.3641823810864059,646.97
2024-10-31,2024,10,Product B,South,Customer 01,19,85,0.05,1534.25,930.24,0.3936842105263158,604.01
2024-10-31,2024,10,Product B,South,Customer 10,20,85,0.0,1700.0,1042.41,0.3868176470588235,657.5899999999999
2024-10-31,2024,10,Product B,South,Customer 11,20,85,0.0,1700.0,1013.47,0.4038411764705882,686.53
2024-10-31,2024,10,Product B,South,Customer 14,21,85,0.0,1785.0,1119.44,0.3728627450980392,665.56
2024-10-31,2024,10,Product B,South,Customer 19,18,85,0.05,1453.5,853.99,0.4124595803233574,599.51
2024-10-31,2024,10,Product B,West,Customer 04,26,85,0.0,2210.0,1333.43,0.39663800904977375,876.5699999999999
2024-10-31,2024,10,Product B,West,Customer 05,19,85,0.05,1534.25,891.41,0.41899299331921136,642.84
2024-10-31,2024,10,Product B,West,Customer 17,23,85,0.05,1857.25,1094.99,0.41042401399919237,762.26
2024-10-31,2024,10,Product B,West,Customer 19,16,85,0.1,1224.0,729.44,0.4040522875816993,494.55999999999995
2024-10-31,2024,10,Product C,North,Customer 15,16,45,0.0,720.0,466.31,0.3523472222222222,253.69
2024-10-31,2024,10,Product C,North,Customer 08,11,45,0.0,495.0,321.91,0.34967676767676764,173.08999999999997
2024-10-31,2024,10,Product C,North,Customer 07,24,45,0.0,1080.0,677.53,0.37265740740740744,402.47
2024-10-31,2024,10,Product C,North,Customer 04,16,45,0.0,720.0,463.66,0.3560277777777777,256.34
2024-10-31,2024,10,Product C,North,Customer 18,13,45,0.0,585.0,381.87,0.34723076923076923,203.13
2024-10-31,2024,10,Product C,South,Customer 06,27,45,0.05,1154.25,738.92,0.35982672731210746,415.33000000000004
2024-10-31,2024,10,Product C,South,Customer 08,18,45,0.0,810.0,532.6,0.3424691358024691,277.4
2024-10-31,2024,10,Product C,South,Customer 01,21,45,0.05,897.75,576.75,0.35756056808688386,321.0
2024-10-31,2024,10,Product C,West,Customer 16,20,45,0.0,900.0,589.32,0.34519999999999995,310.67999999999995
2024-10-31,2024,10,Product C,West,Customer 05,14,45,0.0,630.0,373.22,0.40758730158730155,256.78
2024-10-31,2024,10,Product C,West,Customer 14,24,45,0.0,1080.0,666.52,0.3828518518518519,413.48
2024-10-31,2024,10,Product C,West,Customer 08,22,45,0.0,990.0,603.64,0.39026262626262626,386.36
2024-10-31,2024,10,Product C,West,Customer 12,22,45,0.0,990.0,630.79,0.36283838383838385,359.21000000000004
2024-11-30,2024,11,Product A,North,Customer 10,25,120,0.0,3000.0,1630.57,0.4564766666666667,1369.43
2024-11-30,2024,11,Product A,North,Customer 13,21,120,0.0,2520.0,1314.46,0.47838888888888886,1205.54
2024-11-30,2024,11,Product A,North,Customer 09,17,120,0.0,2040.0,1183.52,0.41984313725490197,856.48
2024-11-30,2024,11,Product A,South,Customer 16,20,120,0.0,2400.0,1307.46,0.455225,1092.54
2024-11-30,2024,11,Product A,South,Customer 12,12,120,0.0,1440.0,791.46,0.45037499999999997,648.54
2024-11-30,2024,11,Product A,South,Customer 07,22,120,0.0,2640.0,1428.22,0.4590075757575757,1211.78
2024-11-30,2024,11,Product A,South,Customer 18,21,120,0.0,2520.0,1349.81,0.4643611111111111,1170.19
2024-11-30,2024,11,Product A,South,Customer 17,12,120,0.0,1440.0,806.93,0.4396319444444445,633.07
2024-11-30,2024,11,Product A,South,Customer 03,19,120,0.05,2166.0,1182.74,0.45395198522622343,983.26
2024-11-30,2024,11,Product A,West,Customer 19,25,120,0.0,3000.0,1645.87,0.4513766666666667,1354.13
2024-11-30,2024,11,Product A,West,Customer 12,22,120,0.0,2640.0,1313.14,0.5025984848484848,1326.86
2024-11-30,2024,11,Product A,West,Customer 17,26,120,0.0,3120.0,1656.69,0.4690096153846154,1463.31
2024-11-30,2024,11,Product A,West,Customer 10,13,120,0.05,1482.0,819.45,0.4470647773279352,662.55
2024-11-30,2024,11,Product A,West,Customer 08,21,120,0.0,2520.0,1363.54,0.45891269841269844,1156.46
2024-11-30,2024,11,Product A,West,Customer 11,20,120,0.0,2400.0,1266.71,0.47220416666666665,1133.29
2024-11-30,2024,11,Product B,North,Customer 08,22,85,0.0,1870.0,1159.05,0.38018716577540107,710.95
2024-11-30,2024,11,Product B,North,Customer 09,20,85,0.0,1700.0,1052.48,0.3808941176470588,647.52
2024-11-30,2024,11,Product B,North,Customer 20,15,85,0.0,1275.0,812.87,0.36245490196078434,462.13
2024-11-30,2024,11,Product B,North,Customer 06,25,85,0.0,2125.0,1236.19,0.4182635294117647,888.81
2024-11-30,2024,11,Product B,North,Customer 07,32,85,0.0,2720.0,1686.93,0.3798051470588235,1033.07
2024-11-30,2024,11,Product B,South,Customer 14,21,85,0.05,1695.75,1088.27,0.35823676839156715,607.48
2024-11-30,2024,11,Product B,South,Customer 05,24,85,0.1,1836.0,1158.68,0.3689106753812636,677.3199999999999
2024-11-30,2024,11,Product B,South,Customer 01,25,85,0.1,1912.5,1155.1,0.3960261437908497,757.4000000000001
2024-11-30,2024,11,Product B,South,Customer 09,22,85,0.0,1870.0,1170.27,0.37418716577540106,699.73
2024-11-30,2024,11,Product B,South,Customer 04,17,85,0.0,1445.0,873.49,0.3955086505190311,571.51
2024-11-30,2024,11,Product B,South,Customer 13,25,85,0.0,2125.0,1237.59,0.417604705882353,887.4100000000001
2024-11-30,2024,11,Product B,West,Customer 12,14,85,0.0,1190.0,713.96,0.40003361344537813,476.03999999999996
2024-11-30,2024,11,Product B,West,Customer 16,17,85,0.0,1445.0,856.54,0.4072387543252595,588.46
2024-11-30,2024,11,Product B,West,Customer 17,15,85,0.0,1275.0,781.76,0.3868549019607843,493.24
2024-11-30,2024,11,Product B,West,Customer 07,22,85,0.0,1870.0,1117.92,0.40218181818181814,752.0799999999999
2024-11-30,2024,11,Product C,North,Customer 15,25,45,0.0,1125.0,722.31,0.3579466666666667,402.69000000000005
2024-11-30,2024,11,Product C,North,Customer 19,22,45,0.05,940.5,614.91,0.34618819776714516,325.59000000000003
2024-11-30,2024,11,Product C,North,Customer 16,34,45,0.05,1453.5,941.97,0.3519298245614035,511.53
2024-11-30,2024,11,Product C,South,Customer 02,21,45,0.0,945.0,610.19,0.3542962962962962,334.80999999999995
2024-11-30,2024,11,Product C,South,Customer 15,19,45,0.1,769.5,496.2,0.3551656920077973,273.3
2024-11-30,2024,11,Product C,South,Customer 08,25,45,0.0,1125.0,717.2,0.36248888888888886,407.79999999999995
2024-11-30,2024,11,Product C,South,Customer 03,20,45,0.0,900.0,570.66,0.3659333333333334,329.34000000000003
2024-11-30,2024,11,Product C,South,Customer 04,29,45,0.0,1305.0,845.42,0.35216858237547893,459.58000000000004
2024-11-30,2024,11,Product C,South,Customer 11,19,45,0.0,855.0,557.77,0.3476374269005848,297.23
2024-11-30,2024,11,Product C,West,Customer 01,18,45,0.1,729.0,468.96,0.35670781893004117,260.04
2024-11-30,2024,11,Product C,West,Customer 20,15,45,0.0,675.0,446.32,0.3387851851851852,228.68
2024-11-30,2024,11,Product C,West,Customer 06,16,45,0.0,720.0,430.81,0.40165277777777775,289.19
2024-11-30,2024,11,Product C,West,Customer 08,18,45,0.0,810.0,547.85,0.32364197530864197,262.15
2024-12-31,2024,12,Product A,North,Customer 11,12,120,0.0,1440.0,765.54,0.46837500000000004,674.46
2024-12-31,2024,12,Product A,North,Customer 13,20,120,0.0,2400.0,1390.1,0.42079166666666673,1009.9000000000001
2024-12-31,2024,12,Product A,North,Customer 10,18,120,0.0,2160.0,1191.93,0.4481805555555555,968.0699999999999
2024-12-31,2024,12,Product A,South,Customer 17,22,120,0.0,2640.0,1474.1,0.4416287878787879,1165.9
2024-12-31,2024,12,Product A,South,Customer 01,23,120,0.0,2760.0,1548.81,0.43883695652173915,1211.19
2024-12-31,2024,12,Product A,South,Customer 03,25,120,0.05,2850.0,1635.43,0.42616491228070175,1214.57
2024-12-31,2024,12,Product A,South,Customer 15,18,120,0.0,2160.0,1198.91,0.444949074074074,961.0899999999999
2024-12-31,2024,12,Product A,South,Customer 08,19,120,0.0,2280.0,1283.51,0.43705701754385967,996.49
2024-12-31,2024,12,Product A,South,Customer 14,21,120,0.0,2520.0,1314.07,0.4785436507936508,1205.93
2024-12-31,2024,12,Product A,West,Customer 10,23,120,0.0,2760.0,1603.76,0.41892753623188406,1156.24
2024-12-31,2024,12,Product A,West,Customer 18,24,120,0.0,2880.0,1613.22,0.43985416666666666,1266.78
2024-12-31,2024,12,Product A,West,Customer 12,24,120,0.0,2880.0,1668.52,0.42065277777777776,1211.48
2024-12-31,2024,12,Product B,North,Customer 07,21,85,0.0,1785.0,1042.43,0.41600560224089633,742.5699999999999
2024-12-31,2024,12,Product B,North,Customer 01,14,85,0.0,1190.0,743.52,0.3751932773109244,446.48
2024-12-31,2024,12,Product B,North,Customer 08,17,85,0.0,1445.0,822.57,0.43074740484429064,622.43
2024-12-31,2024,12,Product B,South,Customer 14,15,85,0.05,1211.25,744.59,0.38527141382868935,466.65999999999997
2024-12-31,2024,12,Product B,South,Customer 04,23,85,0.0,1955.0,1216.35,0.3778260869565218,738.6500000000001
2024-12-31,2024,12,Product B,South,Customer 15,18,85,0.0,1530.0,872.82,0.4295294117647058,657.18
2024-12-31,2024,12,Product B,West,Customer 18,23,85,0.05,1857.25,1105.1,0.4049804818952753,752.1500000000001
2024-12-31,2024,12,Product B,West,Customer 01,16,85,0.05,1292.0,785.69,0.3918808049535603,506.30999999999995
2024-12-31,2024,12,Product B,West,Customer 08,20,85,0.0,1700.0,1044.23,0.3857470588235294,655.77
2024-12-31,2024,12,Product B,West,Customer 10,17,85,0.0,1445.0,887.44,0.3858546712802768,557.56
2024-12-31,2024,12,Product C,North,Customer 15,17,45,0.0,765.0,497.41,0.34979084967320256,267.59
2024-12-31,2024,12,Product C,North,Customer 04,18,45,0.0,810.0,522.96,0.35437037037037034,287.03999999999996
2024-12-31,2024,12,Product C,North,Customer 18,22,45,0.0,990.0,646.48,0.34698989898989896,343.52
2024-12-31,2024,12,Product C,North,Customer 08,17,45,0.0,765.0,498.9,0.347843137254902,266.1
2024-12-31,2024,12,Product C,North,Customer 17,21,45,0.0,945.0,601.34,0.36366137566137563,343.65999999999997
2024-12-31,2024,12,Product C,North,Customer 19,27,45,0.05,1154.25,770.13,0.33278752436647174,384.12
2024-12-31,2024,12,Product C,South,Customer 01,17,45,0.05,726.75,472.87,0.3493360853113175,253.88
2024-12-31,2024,12,Product C,South,Customer 20,12,45,0.0,540.0,352.78,0.34670370370370374,187.22000000000003
2024-12-31,2024,12,Product C,South,Customer 19,22,45,0.05,940.5,621.21,0.3394896331738437,319.28999999999996
2024-12-31,2024,12,Product C,South,Customer 04,22,45,0.0,990.0,662.39,0.33091919191919195,327.61
2024-12-31,2024,12,Product C,West,Customer 11,18,45,0.0,810.0,541.72,0.3312098765432098,268.28
2024-12-31,2024,12,Product C,West,Customer 20,26,45,0.1,1053.0,714.23,0.32171889838556506,338.77
2024-12-31,2024,12,Product C,West,Customer 09,27,45,0.0,1215.0,794.22,0.34632098765432096,420.78
2024-12-31,2024,12,Product C,West,Customer 13,15,45,0.0,675.0,416.71,0.3826518518518519,258.29
2024-12-31,2024,12,Product C,West,Customer 06,19,45,0.0,855.0,512.08,0.4010760233918128,342.91999999999996
2025-01-31,2025,1,Product A,North,Customer 06,17,120,0.0,2040.0,1074.97,0.4730539215686274,965.03
2025-01-31,2025,1,Product A,North,Customer 08,21,120,0.05,2394.0,1321.79,0.4478738512949039,1072.21
2025-01-31,2025,1,Product A,North,Customer 13,20,120,0.05,2280.0,1218.44,0.4655964912280702,1061.56
2025-01-31,2025,1,Product A,South,Customer 20,13,120,0.05,1482.0,834.37,0.4369973009446694,647.63
2025-01-31,2025,1,Product A,South,Customer 05,12,120,0.05,1368.0,720.23,0.47351608187134503,647.77
2025-01-31,2025,1,Product A,South,Customer 09,26,120,0.0,3120.0,1717.92,0.4493846153846154,1402.08
2025-01-31,2025,1,Product A,West,Customer 15,26,120,0.1,2808.0,1521.25,0.458244301994302,1286.75
2025-01-31,2025,1,Product A,West,Customer 13,14,120,0.1,1512.0,798.19,0.4720965608465608,713.81
2025-01-31,2025,1,Product A,West,Customer 16,19,120,0.0,2280.0,1260.01,0.4473640350877193,1019.99
2025-01-31,2025,1,Product A,West,Customer 09,18,120,0.1,1944.0,1088.85,0.43989197530864205,855.1500000000001
2025-01-31,2025,1,Product A,West,Customer 05,20,120,0.0,2400.0,1351.46,0.4368916666666667,1048.54
2025-01-31,2025,1,Product A,West,Customer 20,17,120,0.05,1938.0,1073.35,0.446155830753354,864.6500000000001
2025-01-31,2025,1,Product B,North,Customer 16,20,85,0.0,1700.0,1033.61,0.3919941176470589,666.3900000000001
2025-01-31,2025,1,Product B,North,Customer 15,25,85,0.0,2125.0,1278.33,0.3984329411764706,846.6700000000001
2025-01-31,2025,1,Product B,North,Customer 11,24,85,0.0,2040.0,1315.41,0.3551911764705882,724.5899999999999
2025-01-31,2025,1,Product B,North,Customer 07,23,85,0.0,1955.0,1189.82,0.39139641943734016,765.1800000000001
2025-01-31,2025,1,Product B,North,Customer 10,19,85,0.0,1615.0,998.62,0.3816594427244582,616.38
2025-01-31,2025,1,Product B,South,Customer 02,20,85,0.0,1700.0,1006.78,0.4077764705882353,693.22
2025-01-31,2025,1,Product B,South,Customer 17,20,85,0.0,1700.0,1091.41,0.3579941176470588,608.5899999999999
2025-01-31,2025,1,Product B,South,Customer 08,22,85,0.0,1870.0,1146.21,0.38705347593582884,723.79
2025-01-31,2025,1,Product B,South,Customer 09,25,85,0.0,2125.0,1295.74,0.39024,829.26
2025-01-31,2025,1,Product B,West,Customer 16,18,85,0.0,1530.0,956.84,0.3746143790849673,573.16
2025-01-31,2025,1,Product B,West,Customer 06,15,85,0.05,1211.25,723.59,0.40260887512899896,487.65999999999997
2025-01-31,2025,1,Product B,West,Customer 11,18,85,0.0,1530.0,887.43,0.4199803921568628,642.57
2025-01-31,2025,1,Product B,West,Customer 15,11,85,0.0,935.0,580.31,0.3793475935828878,354.69000000000005
2025-01-31,2025,1,Product C,North,Customer 10,21,45,0.05,897.75,577.65,0.35655806182121974,320.1
2025-01-31,2025,1,Product C,North,Customer 03,17,45,0.05,726.75,450.37,0.38029583763329894,276.38
2025-01-31,2025,1,Product C,North,Customer 12,23,45,0.0,1035.0,676.96,0.34593236714975845,358.03999999999996
2025-01-31,2025,1,Product C,North,Customer 07,14,45,0.0,630.0,407.54,0.3531111111111111,222.45999999999998
2025-01-31,2025,1,Product C,South,Customer 10,25,45,0.1,1012.5,622.37,0.3853135802469136,390.13
2025-01-31,2025,1,Product C,South,Customer 17,19,45,0.05,812.25,535.61,0.34058479532163743,276.64
2025-01-31,2025,1,Product C,South,Customer 14,21,45,0.0,945.0,607.44,0.35720634920634914,337.55999999999995
2025-01-31,2025,1,Product C,South,Customer 16,11,45,0.0,495.0,321.35,0.35080808080808074,173.64999999999998
2025-01-31,2025,1,Product C,South,Customer 06,19,45,0.0,855.0,536.72,0.37225730994152045,318.28
2025-01-31,2025,1,Product C,South,Customer 08,14,45,0.0,630.0,417.57,0.3371904761904762,212.43
2025-01-31,2025,1,Product C,West,Customer 09,22,45,0.0,990.0,652.65,0.34075757575757576,337.35
2025-01-31,2025,1,Product C,West,Customer 19,21,45,0.05,897.75,570.92,0.3640545808966862,326.83000000000004
2025-01-31,2025,1,Product C,West,Customer 05,18,45,0.0,810.0,542.42,0.33034567901234574,267.58000000000004
2025-02-28,2025,2,Product A,North,Customer 14,24,120,0.0,2880.0,1557.88,0.4590694444444444,1322.12
2025-02-28,2025,2,Product A,North,Customer 09,17,120,0.05,1938.0,1082.13,0.44162538699690396,855.8699999999999
2025-02-28,2025,2,Product A,North,Customer 01,28,120,0.0,3360.0,1894.33,0.43621130952380954,1465.67
2025-02-28,2025,2,Product A,North,Customer 02,17,120,0.0,2040.0,1124.39,0.44882843137254896,915.6099999999999
2025-02-28,2025,2,Product A,South,Customer 08,24,120,0.0,2880.0,1541.42,0.4647847222222222,1338.58
2025-02-28,2025,2,Product A,South,Customer 15,22,120,0.0,2640.0,1589.3,0.39799242424242426,1050.7
2025-02-28,2025,2,Product A,South,Customer 09,18,120,0.0,2160.0,1147.96,0.46853703703703703,1012.04
2025-02-28,2025,2,Product A,South,Customer 18,24,120,0.0,2880.0,1675.4,0.4182638888888889,1204.6
2025-02-28,2025,2,Product A,West,Customer 03,9,120,0.0,1080.0,580.2,0.46277777777777773,499.79999999999995
2025-02-28,2025,2,Product A,West,Customer 11,11,120,0.0,1320.0,703.68,0.46690909090909094,616.32
2025-02-28,2025,2,Product A,West,Customer 13,17,120,0.0,2040.0,1104.48,0.45858823529411763,935.52
2025-02-28,2025,2,Product A,West,Customer 02,24,120,0.0,2880.0,1618.11,0.43815625,1261.89
2025-02-28,2025,2,Product B,North,Customer 04,21,85,0.0,1785.0,1053.8,0.4096358543417367,731.2
2025-02-28,2025,2,Product B,North,Customer 06,17,85,0.0,1445.0,872.66,0.396083044982699,572.34
2025-02-28,2025,2,Product B,North,Customer 03,26,85,0.05,2099.5,1247.36,0.4058775899023577,852.1400000000001
2025-02-28,2025,2,Product B,North,Customer 12,17,85,0.0,1445.0,909.16,0.3708235294117647,535.84
2025-02-28,2025,2,Product B,South,Customer 19,20,85,0.0,1700.0,1016.54,0.4020352941176471,683.46
2025-02-28,2025,2,Product B,South,Customer 04,32,85,0.0,2720.0,1643.52,0.39576470588235296,1076.48
2025-02-28,2025,2,Product B,South,Customer 18,28,85,0.0,2380.0,1404.86,0.4097226890756303,975.1400000000001
2025-02-28,2025,2,Product B,South,Customer 13,21,85,0.0,1785.0,1081.57,0.39407843137254905,703.4300000000001
2025-02-28,2025,2,Product B,West,Customer 11,9,85,0.0,765.0,470.57,0.38487581699346407,294.43
2025-02-28,2025,2,Product B,West,Customer 12,16,85,0.0,1360.0,806.03,0.4073308823529412,553.97
2025-02-28,2025,2,Product B,West,Customer 16,21,85,0.0,1785.0,1118.28,0.37351260504201683,666.72
2025-02-28,2025,2,Product B,West,Customer 17,19,85,0.05,1534.25,922.75,0.3985660746292977,611.5
2025-02-28,2025,2,Product C,North,Customer 19,16,45,0.0,720.0,455.94,0.36675,264.06
2025-02-28,2025,2,Product C,North,Customer 15,16,45,0.1,648.0,408.49,0.36961419753086416,239.51
2025-02-28,2025,2,Product C,North,Customer 16,16,45,0.0,720.0,444.0,0.38333333333333336,276.0
2025-02-28,2025,2,Product C,North,Customer 08,25,45,0.0,1125.0,703.04,0.3750755555555556,421.96000000000004
2025-02-28,2025,2,Product C,South,Customer 06,26,45,0.0,1170.0,780.44,0.3329572649572649,389.55999999999995
2025-02-28,2025,2,Product C,South,Customer 08,22,45,0.05,940.5,613.82,0.34734715576820835,326.67999999999995
2025-02-28,2025,2,Product C,South,Customer 18,22,45,0.0,990.0,592.91,0.4011010101010101,397.09000000000003
2025-02-28,2025,2,Product C,South,Customer 14,20,45,0.05,855.0,578.06,0.3239064327485381,276.94000000000005
2025-02-28,2025,2,Product C,West,Customer 11,16,45,0.0,720.0,473.18,0.34280555555555553,246.82
2025-02-28,2025,2,Product C,West,Customer 10,20,45,0.0,900.0,577.4,0.35844444444444445,322.6
2025-02-28,2025,2,Product C,West,Customer 19,15,45,0.0,675.0,449.2,0.33451851851851855,225.8
2025-02-28,2025,2,Product C,West,Customer 13,24,45,0.0,1080.0,691.8,0.3594444444444445,388.20000000000005
2025-02-28,2025,2,Product C,West,Customer 05,29,45,0.1,1174.5,741.3,0.368837803320562,433.20000000000005
2025-03-31,2025,3,Product A,North,Customer 18,14,120,0.0,1680.0,912.45,0.456875,767.55
2025-03-31,2025,3,Product A,North,Customer 12,24,120,0.05,2736.0,1501.95,0.4510416666666667,1234.05
2025-03-31,2025,3,Product A,North,Customer 19,27,120,0.0,3240.0,1654.39,0.48938580246913577,1585.61
2025-03-31,2025,3,Product A,North,Customer 02,18,120,0.1,1944.0,1053.29,0.4581841563786008,890.71
2025-03-31,2025,3,Product A,South,Customer 04,11,120,0.0,1320.0,724.22,0.45134848484848483,595.78
2025-03-31,2025,3,Product A,South,Customer 02,23,120,0.0,2760.0,1567.68,0.432,1192.32
2025-03-31,2025,3,Product A,South,Customer 17,18,120,0.0,2160.0,1194.37,0.447050925925926,965.6300000000001
2025-03-31,2025,3,Product A,South,Customer 16,21,120,0.1,2268.0,1263.68,0.44282186948853614,1004.3199999999999
2025-03-31,2025,3,Product A,South,Customer 07,24,120,0.0,2880.0,1636.04,0.4319305555555556,1243.96
2025-03-31,2025,3,Product A,South,Customer 08,16,120,0.1,1728.0,974.04,0.4363194444444445,753.96
2025-03-31,2025,3,Product A,West,Customer 19,22,120,0.05,2508.0,1386.74,0.44707336523125996,1121.26
2025-03-31,2025,3,Product A,West,Customer 01,24,120,0.05,2736.0,1410.0,0.48464912280701755,1326.0
2025-03-31,2025,3,Product A,West,Customer 10,15,120,0.0,1800.0,981.18,0.4549,818.82
2025-03-31,2025,3,Product A,West,Customer 02,15,120,0.05,1710.0,931.0,0.45555555555555555,779.0
2025-03-31,2025,3,Product A,West,Customer 12,12,120,0.0,1440.0,783.45,0.4559375,656.55
2025-03-31,2025,3,Product B,North,Customer 01,15,85,0.0,1275.0,777.03,0.390564705882353,497.97
2025-03-31,2025,3,Product B,North,Customer 19,14,85,0.0,1190.0,708.16,0.40490756302521014,481.84000000000003
2025-03-31,2025,3,Product B,North,Customer 12,23,85,0.1,1759.5,1063.4,0.3956237567490764,696.0999999999999
2025-03-31,2025,3,Product B,North,Customer 13,23,85,0.05,1857.25,1165.24,0.37259927311885854,692.01
2025-03-31,2025,3,Product B,North,Customer 18,20,85,0.05,1615.0,971.23,0.3986191950464396,643.77
2025-03-31,2025,3,Product B,North,Customer 17,19,85,0.05,1534.25,918.35,0.40143392537070227,615.9
2025-03-31,2025,3,Product B,South,Customer 09,16,85,0.0,1360.0,757.4,0.44308823529411767,602.6
2025-03-31,2025,3,Product B,South,Customer 01,21,85,0.0,1785.0,1047.05,0.4134173669467787,737.95
2025-03-31,2025,3,Product B,South,Customer 04,19,85,0.0,1615.0,949.24,0.41223529411764703,665.76
2025-03-31,2025,3,Product B,South,Customer 11,18,85,0.1,1377.0,798.01,0.4204720406681191,578.99
2025-03-31,2025,3,Product B,West,Customer 10,16,85,0.05,1292.0,754.44,0.4160681114551083,537.56
2025-03-31,2025,3,Product B,West,Customer 05,19,85,0.05,1534.25,952.04,0.3794753136711749,582.21
2025-03-31,2025,3,Product B,West,Customer 16,19,85,0.0,1615.0,1041.64,0.3550216718266253,573.3599999999999
2025-03-31,2025,3,Product B,West,Customer 15,21,85,0.0,1785.0,1128.55,0.3677591036414566,656.45
2025-03-31,2025,3,Product B,West,Customer 02,15,85,0.05,1211.25,729.96,0.39734984520123834,481.28999999999996
2025-03-31,2025,3,Product B,West,Customer 07,19,85,0.0,1615.0,980.79,0.3926996904024768,634.21
2025-03-31,2025,3,Product C,North,Customer 15,14,45,0.05,598.5,386.78,0.3537510442773601,211.72000000000003
2025-03-31,2025,3,Product C,North,Customer 08,21,45,0.0,945.0,604.56,0.3602539682539683,340.44000000000005
2025-03-31,2025,3,Product C,North,Customer 05,22,45,0.0,990.0,644.13,0.3493636363636364,345.87
2025-03-31,2025,3,Product C,North,Customer 04,17,45,0.0,765.0,512.08,0.33061437908496727,252.91999999999996
2025-03-31,2025,3,Product C,North,Customer 19,15,45,0.0,675.0,447.25,0.33740740740740743,227.75
2025-03-31,2025,3,Product C,South,Customer 10,16,45,0.0,720.0,476.09,0.3387638888888889,243.91000000000003
2025-03-31,2025,3,Product C,South,Customer 18,21,45,0.05,897.75,580.92,0.3529156223893066,316.83000000000004
2025-03-31,2025,3,Product C,South,Customer 17,17,45,0.0,765.0,502.04,0.3437385620915032,262.96
2025-03-31,2025,3,Product C,South,Customer 01,22,45,0.0,990.0,640.32,0.35321212121212114,349.67999999999995
2025-03-31,2025,3,Product C,South,Customer 20,27,45,0.0,1215.0,815.38,0.3289053497942387,399.62
2025-03-31,2025,3,Product C,South,Customer 06,23,45,0.0,1035.0,663.54,0.3588985507246377,371.46000000000004
2025-03-31,2025,3,Product C,West,Customer 16,17,45,0.0,765.0,486.66,0.3638431372549019,278.34
2025-03-31,2025,3,Product C,West,Customer 18,20,45,0.0,900.0,590.23,0.3441888888888889,309.77
2025-03-31,2025,3,Product C,West,Customer 07,29,45,0.0,1305.0,817.83,0.3733103448275862,487.16999999999996
2025-03-31,2025,3,Product C,West,Customer 11,16,45,0.0,720.0,485.34,0.3259166666666667,234.66000000000003
2025-04-30,2025,4,Product A,North,Customer 03,20,120,0.0,2400.0,1317.53,0.4510291666666667,1082.47
2025-04-30,2025,4,Product A,North,Customer 02,17,120,0.05,1938.0,1081.6,0.4418988648090816,856.4000000000001
2025-04-30,2025,4,Product A,North,Customer 07,23,120,0.0,2760.0,1566.03,0.4325978260869565,1193.97
2025-04-30,2025,4,Product A,North,Customer 17,22,120,0.0,2640.0,1417.58,0.46303787878787883,1222.42
2025-04-30,2025,4,Product A,North,Customer 01,18,120,0.0,2160.0,1226.81,0.43203240740740745,933.19
2025-04-30,2025,4,Product A,North,Customer 19,12,120,0.05,1368.0,736.63,0.46152777777777776,631.37
2025-04-30,2025,4,Product A,South,Customer 08,16,120,0.05,1824.0,1029.72,0.43546052631578946,794.28
2025-04-30,2025,4,Product A,South,Customer 12,14,120,0.0,1680.0,924.04,0.4499761904761905,755.96
2025-04-30,2025,4,Product A,South,Customer 02,15,120,0.0,1800.0,966.09,0.4632833333333333,833.91
2025-04-30,2025,4,Product A,South,Customer 13,19,120,0.1,2052.0,1165.06,0.4322319688109162,886.94
2025-04-30,2025,4,Product A,West,Customer 06,16,120,0.0,1920.0,1058.94,0.44846874999999997,861.06
2025-04-30,2025,4,Product A,West,Customer 04,20,120,0.05,2280.0,1202.18,0.47272807017543855,1077.82
2025-04-30,2025,4,Product A,West,Customer 13,18,120,0.0,2160.0,1153.04,0.4661851851851852,1006.96
2025-04-30,2025,4,Product A,West,Customer 17,19,120,0.05,2166.0,1192.48,0.44945521698984303,973.52
2025-04-30,2025,4,Product B,North,Customer 03,19,85,0.0,1615.0,915.23,0.43329411764705883,699.77
2025-04-30,2025,4,Product B,North,Customer 01,15,85,0.0,1275.0,744.82,0.41582745098039214,530.18
2025-04-30,2025,4,Product B,North,Customer 10,22,85,0.0,1870.0,1110.75,0.40601604278074865,759.25
2025-04-30,2025,4,Product B,South,Customer 06,16,85,0.0,1360.0,830.07,0.38965441176470583,529.93
2025-04-30,2025,4,Product B,South,Customer 10,26,85,0.0,2210.0,1308.18,0.40806334841628955,901.8199999999999
2025-04-30,2025,4,Product B,South,Customer 17,17,85,0.0,1445.0,840.87,0.41808304498269894,604.13
2025-04-30,2025,4,Product B,West,Customer 01,17,85,0.1,1300.5,780.44,0.3998923490965013,520.06
2025-04-30,2025,4,Product B,West,Customer 04,24,85,0.1,1836.0,1129.98,0.3845424836601307,706.02
2025-04-30,2025,4,Product B,West,Customer 08,32,85,0.0,2720.0,1618.06,0.405125,1101.94
2025-04-30,2025,4,Product B,West,Customer 19,25,85,0.0,2125.0,1255.92,0.40897882352941173,869.0799999999999
2025-04-30,2025,4,Product B,West,Customer 09,22,85,0.0,1870.0,1110.6,0.406096256684492,759.4000000000001
2025-04-30,2025,4,Product B,West,Customer 16,11,85,0.0,935.0,558.1,0.40310160427807484,376.9
2025-04-30,2025,4,Product C,North,Customer 04,22,45,0.0,990.0,660.45,0.33287878787878783,329.54999999999995
2025-04-30,2025,4,Product C,North,Customer 19,15,45,0.0,675.0,435.51,0.3548,239.49
2025-04-30,2025,4,Product C,North,Customer 20,22,45,0.0,990.0,623.66,0.37004040404040406,366.34000000000003
2025-04-30,2025,4,Product C,North,Customer 01,31,45,0.05,1325.25,848.86,0.3594717977740049,476.39
2025-04-30,2025,4,Product C,South,Customer 13,23,45,0.05,983.25,613.11,0.3764454614797864,370.14
2025-04-30,2025,4,Product C,South,Customer 06,16,45,0.05,684.0,450.13,0.34191520467836256,233.87
2025-04-30,2025,4,Product C,South,Customer 12,19,45,0.05,812.25,518.5,0.3616497383810403,293.75
2025-04-30,2025,4,Product C,South,Customer 18,20,45,0.0,900.0,619.19,0.3120111111111111,280.80999999999995
2025-04-30,2025,4,Product C,South,Customer 01,20,45,0.0,900.0,615.69,0.31589999999999996,284.30999999999995
2025-04-30,2025,4,Product C,West,Customer 05,14,45,0.0,630.0,404.7,0.3576190476190476,225.3
2025-04-30,2025,4,Product C,West,Customer 01,22,45,0.05,940.5,600.95,0.36103136629452415,339.54999999999995
2025-04-30,2025,4,Product C,West,Customer 20,19,45,0.05,812.25,520.5,0.3591874422899354,291.75
2025-04-30,2025,4,Product C,West,Customer 19,19,45,0.0,855.0,566.63,0.3372748538011696,288.37
2025-04-30,2025,4,Product C,West,Customer 03,15,45,0.0,675.0,417.28,0.38180740740740743,257.72
2025-05-31,2025,5,Product A,North,Customer 15,19,120,0.0,2280.0,1206.17,0.4709780701754386,1073.83
2025-05-31,2025,5,Product A,North,Customer 18,25,120,0.0,3000.0,1588.26,0.47058,1411.74
2025-05-31,2025,5,Product A,North,Customer 10,24,120,0.0,2880.0,1512.91,0.47468402777777774,1367.09
2025-05-31,2025,5,Product A,North,Customer 17,18,120,0.05,2052.0,1161.08,0.4341715399610137,890.9200000000001
2025-05-31,2025,5,Product A,South,Customer 14,33,120,0.1,3564.0,1976.3,0.4454826038159372,1587.7
2025-05-31,2025,5,Product A,South,Customer 09,17,120,0.1,1836.0,970.79,0.4712472766884532,865.21
2025-05-31,2025,5,Product A,South,Customer 05,20,120,0.0,2400.0,1324.84,0.44798333333333334,1075.16
2025-05-31,2025,5,Product A,West,Customer 17,12,120,0.0,1440.0,778.83,0.4591458333333333,661.17
2025-05-31,2025,5,Product A,West,Customer 14,24,120,0.1,2592.0,1293.03,0.5011458333333333,1298.97
2025-05-31,2025,5,Product A,West,Customer 12,24,120,0.0,2880.0,1590.11,0.44787847222222227,1289.89
2025-05-31,2025,5,Product A,West,Customer 04,21,120,0.0,2520.0,1410.31,0.44035317460317464,1109.69
2025-05-31,2025,5,Product B,North,Customer 17,14,85,0.0,1190.0,706.07,0.4066638655462185,483.92999999999995
2025-05-31,2025,5,Product B,North,Customer 10,23,85,0.0,1955.0,1220.88,0.3755089514066496,734.1199999999999
2025-05-31,2025,5,Product B,North,Customer 15,29,85,0.1,2218.5,1332.16,0.39952219968447145,886.3399999999999
2025-05-31,2025,5,Product B,South,Customer 12,24,85,0.0,2040.0,1214.25,0.4047794117647059,825.75
2025-05-31,2025,5,Product B,South,Customer 10,30,85,0.0,2550.0,1511.65,0.4071960784313725,1038.35
2025-05-31,2025,5,Product B,South,Customer 04,19,85,0.0,1615.0,983.13,0.39125077399380803,631.87
2025-05-31,2025,5,Product B,South,Customer 03,21,85,0.0,1785.0,1008.37,0.43508683473389353,776.63
2025-05-31,2025,5,Product B,West,Customer 13,24,85,0.0,2040.0,1248.22,0.38812745098039214,791.78
2025-05-31,2025,5,Product B,West,Customer 07,18,85,0.0,1530.0,895.86,0.4144705882352941,634.14
2025-05-31,2025,5,Product B,West,Customer 03,27,85,0.0,2295.0,1342.07,0.41522004357298475,952.9300000000001
2025-05-31,2025,5,Product B,West,Customer 10,28,85,0.0,2380.0,1427.4,0.4002521008403361,952.5999999999999
2025-05-31,2025,5,Product C,North,Customer 02,18,45,0.0,810.0,523.36,0.35387654320987655,286.64
2025-05-31,2025,5,Product C,North,Customer 17,28,45,0.05,1197.0,757.47,0.36719298245614035,439.53
2025-05-31,2025,5,Product C,North,Customer 13,19,45,0.0,855.0,560.68,0.344233918128655,294.32000000000005
2025-05-31,2025,5,Product C,North,Customer 20,15,45,0.0,675.0,443.92,0.3423407407407407,231.07999999999998
2025-05-31,2025,5,Product C,South,Customer 16,15,45,0.0,675.0,420.78,0.37662222222222225,254.22000000000003
2025-05-31,2025,5,Product C,South,Customer 01,20,45,0.1,810.0,515.28,0.36385185185185187,294.72
2025-05-31,2025,5,Product C,South,Customer 10,11,45,0.0,495.0,316.59,0.3604242424242425,178.41000000000003
2025-05-31,2025,5,Product C,South,Customer 04,25,45,0.0,1125.0,734.56,0.34705777777777785,390.44000000000005
2025-05-31,2025,5,Product C,South,Customer 06,21,45,0.0,945.0,630.26,0.33305820105820105,314.74
2025-05-31,2025,5,Product C,West,Customer 01,16,45,0.0,720.0,444.37,0.38281944444444443,275.63
2025-05-31,2025,5,Product C,West,Customer 09,12,45,0.0,540.0,353.4,0.3455555555555556,186.60000000000002
2025-05-31,2025,5,Product C,West,Customer 04,17,45,0.0,765.0,506.74,0.33759477124183007,258.26
2025-06-30,2025,6,Product A,North,Customer 03,23,120,0.0,2760.0,1530.2,0.44557971014492753,1229.8
2025-06-30,2025,6,Product A,North,Customer 14,24,120,0.0,2880.0,1544.87,0.4635868055555556,1335.13
2025-06-30,2025,6,Product A,North,Customer 06,27,120,0.0,3240.0,1838.81,0.43246604938271604,1401.19
2025-06-30,2025,6,Product A,North,Customer 18,22,120,0.05,2508.0,1363.86,0.4561961722488039,1144.14
2025-06-30,2025,6,Product A,North,Customer 15,13,120,0.05,1482.0,829.46,0.4403103913630229,652.54
2025-06-30,2025,6,Product A,North,Customer 19,15,120,0.05,1710.0,980.4,0.4266666666666667,729.6
2025-06-30,2025,6,Product A,South,Customer 14,25,120,0.1,2700.0,1472.05,0.4547962962962963,1227.95
2025-06-30,2025,6,Product A,South,Customer 20,22,120,0.1,2376.0,1283.51,0.4598021885521886,1092.49
2025-06-30,2025,6,Product A,South,Customer 13,11,120,0.0,1320.0,698.58,0.47077272727272723,621.42
2025-06-30,2025,6,Product A,South,Customer 09,18,120,0.0,2160.0,1216.05,0.4370138888888889,943.95
2025-06-30,2025,6,Product A,South,Customer 06,25,120,0.05,2850.0,1524.37,0.4651333333333334,1325.63
2025-06-30,2025,6,Product A,South,Customer 17,21,120,0.0,2520.0,1413.85,0.4389484126984127,1106.15
2025-06-30,2025,6,Product A,West,Customer 20,23,120,0.0,2760.0,1528.71,0.44611956521739127,1231.29
2025-06-30,2025,6,Product A,West,Customer 01,20,120,0.0,2400.0,1272.23,0.4699041666666667,1127.77
2025-06-30,2025,6,Product A,West,Customer 08,21,120,0.05,2394.0,1386.34,0.4209106098579783,1007.6600000000001
2025-06-30,2025,6,Product B,North,Customer 07,19,85,0.0,1615.0,965.38,0.40224148606811144,649.62
2025-06-30,2025,6,Product B,North,Customer 02,22,85,0.0,1870.0,1120.05,0.4010427807486631,749.95
2025-06-30,2025,6,Product B,North,Customer 20,17,85,0.0,1445.0,873.34,0.3956124567474048,571.66
2025-06-30,2025,6,Product B,South,Customer 16,23,85,0.0,1955.0,1175.7,0.398618925831202,779.3
2025-06-30,2025,6,Product B,South,Customer 02,20,85,0.1,1530.0,903.91,0.4092091503267974,626.09
2025-06-30,2025,6,Product B,South,Customer 19,22,85,0.0,1870.0,1115.74,0.4033475935828877,754.26
2025-06-30,2025,6,Product B,South,Customer 15,19,85,0.0,1615.0,922.51,0.4287863777089783,692.49
2025-06-30,2025,6,Product B,South,Customer 05,15,85,0.05,1211.25,699.8,0.422249742002064,511.45000000000005
2025-06-30,2025,6,Product B,South,Customer 17,16,85,0.05,1292.0,804.37,0.377422600619195,487.63
2025-06-30,2025,6,Product B,West,Customer 02,21,85,0.0,1785.0,1097.61,0.38509243697478995,687.3900000000001
2025-06-30,2025,6,Product B,West,Customer 04,20,85,0.0,1700.0,1052.78,0.38071764705882355,647.22
2025-06-30,2025,6,Product B,West,Customer 01,26,85,0.05,2099.5,1213.72,0.4219004524886878,885.78
2025-06-30,2025,6,Product B,West,Customer 19,20,85,0.0,1700.0,985.68,0.4201882352941177,714.32
2025-06-30,2025,6,Product B,West,Customer 17,18,85,0.0,1530.0,908.77,0.4060326797385621,621.23
2025-06-30,2025,6,Product C,North,Customer 19,20,45,0.05,855.0,533.39,0.37615204678362574,321.61
2025-06-30,2025,6,Product C,North,Customer 13,16,45,0.0,720.0,489.7,0.31986111111111115,230.3
2025-06-30,2025,6,Product C,North,Customer 20,26,45,0.05,1111.5,746.28,0.32858299595141705,365.22
2025-06-30,2025,6,Product C,North,Customer 14,16,45,0.0,720.0,452.46,0.3715833333333334,267.54
2025-06-30,2025,6,Product C,North,Customer 05,17,45,0.0,765.0,526.53,0.3117254901960785,238.47000000000003
2025-06-30,2025,6,Product C,North,Customer 09,13,45,0.0,585.0,372.95,0.3624786324786325,212.05
2025-06-30,2025,6,Product C,South,Customer 13,28,45,0.0,1260.0,822.61,0.34713492063492063,437.39
2025-06-30,2025,6,Product C,South,Customer 07,25,45,0.1,1012.5,666.03,0.3421925925925926,346.47
2025-06-30,2025,6,Product C,South,Customer 19,20,45,0.0,900.0,588.54,0.3460666666666667,311.46000000000004
2025-06-30,2025,6,Product C,West,Customer 16,26,45,0.0,1170.0,773.03,0.3392905982905983,396.97
2025-06-30,2025,6,Product C,West,Customer 18,25,45,0.0,1125.0,731.88,0.34944000000000003,393.12
2025-06-30,2025,6,Product C,West,Customer 17,17,45,0.0,765.0,506.43,0.33799999999999997,258.57
2025-07-31,2025,7,Product A,North,Customer 06,23,120,0.0,2760.0,1507.99,0.4536268115942029,1252.01
2025-07-31,2025,7,Product A,North,Customer 08,18,120,0.0,2160.0,1175.9,0.4556018518518518,984.0999999999999
2025-07-31,2025,7,Product A,North,Customer 19,26,120,0.0,3120.0,1677.36,0.4623846153846154,1442.64
2025-07-31,2025,7,Product A,North,Customer 10,23,120,0.1,2484.0,1286.95,0.48190418679549113,1197.05
2025-07-31,2025,7,Product A,North,Customer 05,23,120,0.0,2760.0,1549.73,0.4385036231884058,1210.27
2025-07-31,2025,7,Product A,North,Customer 03,23,120,0.0,2760.0,1432.51,0.48097463768115944,1327.49
2025-07-31,2025,7,Product A,South,Customer 15,14,120,0.0,1680.0,919.87,0.45245833333333335,760.13
2025-07-31,2025,7,Product A,South,Customer 08,23,120,0.0,2760.0,1538.15,0.4426992753623188,1221.85
2025-07-31,2025,7,Product A,South,Customer 16,11,120,0.1,1188.0,632.44,0.4676430976430976,555.56
2025-07-31,2025,7,Product A,South,Customer 03,20,120,0.1,2160.0,1188.19,0.449912037037037,971.81
2025-07-31,2025,7,Product A,South,Customer 02,19,120,0.05,2166.0,1229.85,0.432202216066482,936.1500000000001
2025-07-31,2025,7,Product A,West,Customer 02,20,120,0.0,2400.0,1348.68,0.43805,1051.32
2025-07-31,2025,7,Product A,West,Customer 06,17,120,0.05,1938.0,1067.86,0.44898864809081535,870.1400000000001
2025-07-31,2025,7,Product A,West,Customer 20,16,120,0.0,1920.0,1029.25,0.46393229166666666,890.75
2025-07-31,2025,7,Product B,North,Customer 05,25,85,0.1,1912.5,1169.61,0.38843921568627454,742.8900000000001
2025-07-31,2025,7,Product B,North,Customer 11,30,85,0.0,2550.0,1463.8,0.4259607843137255,1086.2
2025-07-31,2025,7,Product B,North,Customer 07,19,85,0.0,1615.0,987.84,0.38833436532507737,627.16
2025-07-31,2025,7,Product B,South,Customer 19,19,85,0.0,1615.0,981.65,0.3921671826625387,633.35
2025-07-31,2025,7,Product B,South,Customer 05,18,85,0.0,1530.0,964.05,0.36990196078431375,565.95
2025-07-31,2025,7,Product B,South,Customer 01,24,85,0.0,2040.0,1218.08,0.4029019607843138,821.9200000000001
2025-07-31,2025,7,Product B,South,Customer 17,24,85,0.0,2040.0,1248.29,0.38809313725490197,791.71
2025-07-31,2025,7,Product B,South,Customer 14,26,85,0.05,2099.5,1333.0,0.3650869254584425,766.5
2025-07-31,2025,7,Product B,West,Customer 07,12,85,0.0,1020.0,635.64,0.3768235294117647,384.36
2025-07-31,2025,7,Product B,West,Customer 10,22,85,0.0,1870.0,1149.69,0.3851925133689839,720.31
2025-07-31,2025,7,Product B,West,Customer 12,18,85,0.0,1530.0,951.72,0.3779607843137255,578.28
2025-07-31,2025,7,Product C,North,Customer 06,19,45,0.0,855.0,543.1,0.3647953216374269,311.9
2025-07-31,2025,7,Product C,North,Customer 10,24,45,0.05,1026.0,647.32,0.36908382066276796,378.67999999999995
2025-07-31,2025,7,Product C,North,Customer 17,19,45,0.0,855.0,544.8,0.3628070175438597,310.20000000000005
2025-07-31,2025,7,Product C,North,Customer 19,19,45,0.1,769.5,496.27,0.3550747238466537,273.23
2025-07-31,2025,7,Product C,South,Customer 12,22,45,0.1,891.0,551.19,0.3813804713804713,339.80999999999995
2025-07-31,2025,7,Product C,South,Customer 19,21,45,0.0,945.0,601.4,0.36359788359788364,343.6
2025-07-31,2025,7,Product C,South,Customer 06,25,45,0.1,1012.5,638.27,0.36960987654320987,374.23
2025-07-31,2025,7,Product C,South,Customer 07,15,45,0.0,675.0,425.9,0.36903703703703705,249.10000000000002
2025-07-31,2025,7,Product C,South,Customer 18,26,45,0.0,1170.0,768.18,0.3434358974358975,401.82000000000005
2025-07-31,2025,7,Product C,South,Customer 16,15,45,0.0,675.0,450.79,0.33216296296296294,224.20999999999998
2025-07-31,2025,7,Product C,West,Customer 06,21,45,0.0,945.0,593.88,0.3715555555555556,351.12
2025-07-31,2025,7,Product C,West,Customer 03,15,45,0.0,675.0,450.16,0.3330962962962963,224.83999999999997
2025-07-31,2025,7,Product C,West,Customer 12,21,45,0.0,945.0,641.2,0.3214814814814814,303.79999999999995
2025-07-31,2025,7,Product C,West,Customer 09,25,45,0.0,1125.0,735.19,0.34649777777777774,389.80999999999995
2025-08-31,2025,8,Product A,North,Customer 08,24,120,0.0,2880.0,1585.35,0.44953125000000005,1294.65
2025-08-31,2025,8,Product A,North,Customer 07,17,120,0.0,2040.0,1098.04,0.4617450980392157,941.96
2025-08-31,2025,8,Product A,North,Customer 15,18,120,0.0,2160.0,1144.64,0.47007407407407403,1015.3599999999999
2025-08-31,2025,8,Product A,North,Customer 18,21,120,0.05,2394.0,1355.49,0.433796992481203,1038.51
2025-08-31,2025,8,Product A,South,Customer 15,27,120,0.0,3240.0,1785.33,0.4489722222222222,1454.67
2025-08-31,2025,8,Product A,South,Customer 19,17,120,0.0,2040.0,1094.65,0.463406862745098,945.3499999999999
2025-08-31,2025,8,Product A,South,Customer 02,20,120,0.0,2400.0,1355.99,0.43500416666666664,1044.01
2025-08-31,2025,8,Product A,South,Customer 11,19,120,0.0,2280.0,1238.65,0.45673245614035085,1041.35
2025-08-31,2025,8,Product A,West,Customer 12,20,120,0.05,2280.0,1216.28,0.4665438596491228,1063.72
2025-08-31,2025,8,Product A,West,Customer 20,14,120,0.0,1680.0,922.81,0.4507083333333334,757.19
2025-08-31,2025,8,Product A,West,Customer 14,20,120,0.05,2280.0,1303.43,0.42832017543859646,976.5699999999999
2025-08-31,2025,8,Product A,West,Customer 17,24,120,0.0,2880.0,1614.61,0.4393715277777778,1265.39
2025-08-31,2025,8,Product A,West,Customer 15,24,120,0.1,2592.0,1434.52,0.44655864197530865,1157.48
2025-08-31,2025,8,Product A,West,Customer 02,18,120,0.0,2160.0,1209.37,0.4401064814814815,950.6300000000001
2025-08-31,2025,8,Product B,North,Customer 03,20,85,0.0,1700.0,1001.1,0.41111764705882353,698.9
2025-08-31,2025,8,Product B,North,Customer 07,21,85,0.05,1695.75,1015.18,0.4013386407194457,680.57
2025-08-31,2025,8,Product B,North,Customer 20,17,85,0.0,1445.0,883.89,0.3883114186851211,561.11
2025-08-31,2025,8,Product B,North,Customer 19,14,85,0.1,1071.0,635.74,0.4064052287581699,435.26
2025-08-31,2025,8,Product B,North,Customer 02,24,85,0.1,1836.0,1099.28,0.40126361655773424,736.72
2025-08-31,2025,8,Product B,North,Customer 14,26,85,0.0,2210.0,1290.26,0.41617194570135746,919.74
2025-08-31,2025,8,Product B,South,Customer 16,18,85,0.0,1530.0,920.86,0.39813071895424834,609.14
2025-08-31,2025,8,Product B,South,Customer 05,23,85,0.0,1955.0,1245.51,0.36291048593350383,709.49
2025-08-31,2025,8,Product B,South,Customer 20,20,85,0.0,1700.0,1004.52,0.4091058823529412,695.48
2025-08-31,2025,8,Product B,West,Customer 08,18,85,0.0,1530.0,950.41,0.3788169934640523,579.59
2025-08-31,2025,8,Product B,West,Customer 13,16,85,0.05,1292.0,755.28,0.4154179566563468,536.72
2025-08-31,2025,8,Product B,West,Customer 05,20,85,0.0,1700.0,1001.28,0.41101176470588235,698.72
2025-08-31,2025,8,Product C,North,Customer 18,19,45,0.1,769.5,493.95,0.3580896686159844,275.55
2025-08-31,2025,8,Product C,North,Customer 05,21,45,0.0,945.0,626.11,0.33744973544973544,318.89
2025-08-31,2025,8,Product C,North,Customer 11,28,45,0.0,1260.0,834.71,0.337531746031746,425.28999999999996
2025-08-31,2025,8,Product C,North,Customer 15,14,45,0.05,598.5,396.23,0.3379615705931495,202.26999999999998
2025-08-31,2025,8,Product C,North,Customer 13,17,45,0.0,765.0,512.09,0.33060130718954245,252.90999999999997
2025-08-31,2025,8,Product C,North,Customer 14,19,45,0.0,855.0,554.19,0.3518245614035087,300.80999999999995
2025-08-31,2025,8,Product C,South,Customer 04,19,45,0.0,855.0,533.27,0.37629239766081873,321.73
2025-08-31,2025,8,Product C,South,Customer 06,21,45,0.0,945.0,614.54,0.3496931216931217,330.46000000000004
2025-08-31,2025,8,Product C,South,Customer 01,23,45,0.05,983.25,626.76,0.3625629290617849,356.49
2025-08-31,2025,8,Product C,West,Customer 03,22,45,0.1,891.0,531.56,0.40341189674523015,359.44000000000005
2025-08-31,2025,8,Product C,West,Customer 08,17,45,0.0,765.0,504.62,0.3403660130718954,260.38
2025-08-31,2025,8,Product C,West,Customer 20,23,45,0.0,1035.0,673.35,0.34942028985507245,361.65
2025-08-31,2025,8,Product C,West,Customer 06,23,45,0.05,983.25,617.94,0.371533180778032,365.30999999999995
2025-08-31,2025,8,Product C,West,Customer 05,14,45,0.0,630.0,394.69,0.3735079365079365,235.31
2025-08-31,2025,8,Product C,West,Customer 02,24,45,0.0,1080.0,674.74,0.3752407407407407,405.26
2025-09-30,2025,9,Product A,North,Customer 04,14,120,0.0,1680.0,921.67,0.4513869047619048,758.33
2025-09-30,2025,9,Product A,North,Customer 13,28,120,0.05,3192.0,1739.99,0.454890350877193,1452.01
2025-09-30,2025,9,Product A,North,Customer 03,22,120,0.0,2640.0,1388.32,0.47412121212121217,1251.68
2025-09-30,2025,9,Product A,North,Customer 02,17,120,0.0,2040.0,1057.04,0.48184313725490197,982.96
2025-09-30,2025,9,Product A,South,Customer 19,23,120,0.0,2760.0,1499.91,0.45655434782608695,1260.09
2025-09-30,2025,9,Product A,South,Customer 01,16,120,0.0,1920.0,1099.89,0.42714062499999994,820.1099999999999
2025-09-30,2025,9,Product A,South,Customer 07,24,120,0.1,2592.0,1406.47,0.4573804012345679,1185.53
2025-09-30,2025,9,Product A,West,Customer 12,17,120,0.0,2040.0,1113.76,0.45403921568627453,926.24
2025-09-30,2025,9,Product A,West,Customer 13,20,120,0.05,2280.0,1272.5,0.4418859649122807,1007.5
2025-09-30,2025,9,Product A,West,Customer 19,19,120,0.1,2052.0,1141.9,0.4435185185185185,910.0999999999999
2025-09-30,2025,9,Product A,West,Customer 14,13,120,0.0,1560.0,870.72,0.44184615384615383,689.28
2025-09-30,2025,9,Product A,West,Customer 05,21,120,0.0,2520.0,1354.35,0.46255952380952386,1165.65
2025-09-30,2025,9,Product B,North,Customer 16,15,85,0.05,1211.25,729.14,0.3980268317853457,482.11
2025-09-30,2025,9,Product B,North,Customer 01,27,85,0.1,2065.5,1259.97,0.38999273783587507,805.53
2025-09-30,2025,9,Product B,North,Customer 11,10,85,0.05,807.5,456.81,0.43429102167182665,350.69
2025-09-30,2025,9,Product B,North,Customer 12,19,85,0.0,1615.0,955.98,0.40806191950464393,659.02
2025-09-30,2025,9,Product B,North,Customer 15,20,85,0.0,1700.0,982.83,0.4218647058823529,717.17
2025-09-30,2025,9,Product B,South,Customer 08,16,85,0.0,1360.0,818.83,0.3979191176470588,541.17
2025-09-30,2025,9,Product B,South,Customer 04,25,85,0.0,2125.0,1272.87,0.40100235294117653,852.1300000000001
2025-09-30,2025,9,Product B,South,Customer 19,13,85,0.0,1105.0,617.86,0.4408506787330317,487.14
2025-09-30,2025,9,Product B,South,Customer 03,22,85,0.0,1870.0,1114.95,0.4037700534759358,755.05
2025-09-30,2025,9,Product B,South,Customer 13,17,85,0.0,1445.0,892.14,0.3826020761245675,552.86
2025-09-30,2025,9,Product B,South,Customer 15,20,85,0.0,1700.0,999.3,0.4121764705882353,700.7
2025-09-30,2025,9,Product B,West,Customer 10,16,85,0.0,1360.0,827.2,0.3917647058823529,532.8
2025-09-30,2025,9,Product B,West,Customer 04,29,85,0.0,2465.0,1572.1,0.3622312373225153,892.9000000000001
2025-09-30,2025,9,Product B,West,Customer 19,20,85,0.0,1700.0,970.26,0.42925882352941175,729.74
2025-09-30,2025,9,Product B,West,Customer 14,18,85,0.0,1530.0,848.97,0.4451176470588235,681.03
2025-09-30,2025,9,Product C,North,Customer 12,20,45,0.0,900.0,551.81,0.3868777777777778,348.19000000000005
2025-09-30,2025,9,Product C,North,Customer 03,19,45,0.0,855.0,558.74,0.3465029239766082,296.26
2025-09-30,2025,9,Product C,North,Customer 18,15,45,0.0,675.0,453.83,0.32765925925925926,221.17000000000002
2025-09-30,2025,9,Product C,North,Customer 14,20,45,0.05,855.0,574.81,0.32770760233918134,280.19000000000005
2025-09-30,2025,9,Product C,North,Customer 09,21,45,0.0,945.0,638.25,0.3246031746031746,306.75
2025-09-30,2025,9,Product C,North,Customer 15,12,45,0.0,540.0,341.64,0.36733333333333335,198.36
2025-09-30,2025,9,Product C,South,Customer 12,18,45,0.0,810.0,495.75,0.38796296296296295,314.25
2025-09-30,2025,9,Product C,South,Customer 13,20,45,0.0,900.0,569.31,0.3674333333333334,330.69000000000005
2025-09-30,2025,9,Product C,South,Customer 19,26,45,0.0,1170.0,766.71,0.3446923076923077,403.28999999999996
2025-09-30,2025,9,Product C,South,Customer 08,19,45,0.0,855.0,540.76,0.36753216374269004,314.24
2025-09-30,2025,9,Product C,West,Customer 06,20,45,0.0,900.0,580.29,0.3552333333333334,319.71000000000004
2025-09-30,2025,9,Product C,West,Customer 11,24,45,0.05,1026.0,696.92,0.32074074074074077,329.08000000000004
2025-09-30,2025,9,Product C,West,Customer 09,19,45,0.0,855.0,551.16,0.3553684210526316,303.84000000000003
2025-09-30,2025,9,Product C,West,Customer 20,25,45,0.0,1125.0,719.52,0.3604266666666667,405.48
2025-09-30,2025,9,Product C,West,Customer 16,27,45,0.05,1154.25,757.89,0.3433918128654971,396.36
2025-09-30,2025,9,Product C,West,Customer 13,23,45,0.0,1035.0,679.62,0.3433623188405797,355.38
